1715 3117
1423 165 1481 208 33

483 398 816 457 cAPum·
853 397 1053 458 xlx.

529 519 677 563 Vell.11,
702 517 748 552 38
772 517 1012 564 p.203.ed.R.

167 659 196 678 „
207 629 387 671 Immune
414 630 585 672 bellicae
610 635 789 673 civitatis
815 640 1103 685 ανφιηιεηΐαηι,
1134 636 1242 686 quod
1261 640 1386 677 semel
1404 645 1474 683 sub

39 697 241 772 'reqibuffi
275 702 420 740 iterum
457 700 535 740 Ιιοο
576 701 618 740 Τ.
655 702 814 743 Manlio
853 700 940 741 Cos.
977 703 1042 734 III
1078 702 1261 754 Auynsto
1294 711 1475 762 principe

10 782 27 826 ᾖ
59 775 200 809 certae
240 770 360 822 pacis
407 778 683 823 arqumentum
728 769 853 811 Ianus
897 775 1078 824 qeminus
1122 775 1278 814 elautus
1320 777 1475 817 dedit.“

24 852 25 869 l
58 841 126 875 Ed.
157 853 210 886 pr.
239 853 272 886 p.
294 844 358 879 28.

58 1010 373 1082 Ruhnkenio
408 1034 674 1084 inducenda
712 1037 931 1084 videntur
968 1041 1106 1086 verba
1141 1050 1304 1087 certae
1325 1045 1473 1104 pacis

60 1124 420 1178 argumentum.
490 1116 597 1162 Mea
631 1131 784 1163 autem
824 1119 1044 1181 opinione
1081 1137 1130 1165 ea
1162 1121 1377 1167 nondum
1413 1124 1474 1169 ita

59 1195 286 1260 sanguine
322 1207 367 1240 et
405 1207 642 1258 tamquam
689 1196 854 1260 spiritu
898 1214 1055 1243 carere
1102 1213 1381 1262 coeperunt,
1428 1214 1476 1246 ut

58 1277 153 1322 iam
197 1271 480 1338 amputanda
515 1274 604 1320 sint
652 1288 698 1320 et
732 1275 995 1324 resecanda.
1070 1276 1342 1340 Expeditius
1379 1297 1474 1326 uno

58 1368 243 1401 tantum
275 1354 418 1400 verbo
455 1367 630 1401 mutato
665 1355 924 1402 scribemus
958 1355 1095 1403 haec:

185 1449 451 1504 „Immone
474 1449 675 1496 bellicae
692 1452 911 1496 civitatis
928 1461 1270 1512 argumentum
1285 1454 1362 1514 (sc.
1386 1458 1474 1514 est)

189 1531 326 1590 quod
354 1531 508 1574 semel
531 1530 618 1574 sub
647 1530 867 1591 regibus,
906 1532 1084 1576 iterum
1117 1533 1208 1577 hoc
1246 1534 1299 1578 T.
1328 1535 1474 1578 stlatt-

185 1609 252 1653 lio
308 1625 400 1653 cos.
446 1610 538 1654 III
579 1610 806 1670 Augusto
850 1612 1082 1670 principe
1130 1621 1291 1656 certae
1332 1615 1475 1672 pacis

185 1705 354 1747 spent
382 1689 542 1734 Janus
569 1690 798 1750 geminus
834 1691 1027 1734 clausus
1058 1692 1243 1734 declit.‘⁴

58 1795 201 1842 Haud
238 1814 342 1843 raro
379 1797 425 1842 in
462 1795 548 1842 Ed.
590 1814 660 1860 pr.
696 1795 904 1840 invenire
934 1795 1066 1854 licet,
1106 1793 1234 1858 qnod
1266 1794 1474 1841 librarius

60 1874 411 1936 Murbacensis‚
457 1875 504 1921 in
551 1876 696 1922 verbo
738 1874 894 1938 aliquo
938 1874 1090 1919 minus
1125 1873 1337 1918 distincte
1373 1890 1474 1936 per-

0 1965 2 1981 *
60 1967 219 2019 specto
257 1953 481 2015 haerens,
526 1955 620 2001 sive
664 1954 857 2000 omnino
894 1954 1139 2000 oscitanter
1185 1969 1284 1998 rem
1319 1969 1476 2015 agens,

60 2032 387 2094 similitudine,
439 2051 559 2099 quae
603 2033 707 2080 voci
755 2032 892 2078 alicui
930 2051 1039 2079 cum
1085 2031 1473 2095 praecedentibus

59 2112 379 2168 intercederet,
410 2113 495 2159 sibi
519 2112 703 2177 imponi
730 2130 899 2176 passus,
931 2112 1096 2157 similia
1119 2129 1227 2157 cum
1250 2111 1473 2156 similibus

61 2192 339 2240 confuderit.
417 2191 527 2248 Quo
563 2195 738 2238 lactum
772 2205 823 2237 ut
855 2189 900 2236 h.
937 2191 967 2238 l.
1010 2189 1288 2237 vocabulum
1329 2193 1472 2234 docu-

59 2283 277 2319 mentum
311 2271 442 2337 quod
471 2271 616 2318 modo
645 2272 900 2335 scripserat,
938 2288 1024 2334 pro
1061 2287 1130 2329 eo,
1169 2268 1294 2333 quod
1334 2269 1472 2314 literis

59 2351 287 2399 mandare
331 2350 525 2398 debebat
565 2369 700 2413 spe-m
738 2351 917 2414 calamo
957 2350 1127 2395 sineret
1170 2348 1298 2394 elabi.
1378 2345 1473 2393 Sed

61 2445 254 2496 quaeret
287 2431 475 2477 sortasse
511 2429 769 2494 quispiam,
809 2429 923 2494 quid
959 2430 1022 2474 rei
1058 2429 1116 2474 sit
1151 2428 1296 2474 verbo
1335 2443 1470 2486 spem

61 2515 172 2557 cum
209 2511 353 2556 verbo
399 2506 778 2570 argumentum?
848 2506 1002 2562 Quem
1044 2506 1207 2568 ablcgo
1247 2504 1302 2550 ad
1339 2505 1472 2550 U'al-

62 2586 251 2635 therum
299 2587 546 2636 docentem
600 2588 721 2635 inter
776 2587 901 2634 varia
957 2585 1084 2633 vocis
1131 2592 1471 2645 argunwntum

63 2665 344 2730 compendia
409 2686 559 2714 unum
621 2666 892 2729 praesertim
951 2664 1170 2711 facillime
1223 2680 1329 2707 cum
1376 2676 1474 2704 voc.

1095 2734 1119 2772 3
