1715 3117
1447 197 1508 241 23

217 310 404 368 Quibus
455 312 747 377 praemissis,
798 331 937 377 spero
988 317 1060 362 vix
1102 317 1198 362 fore
1249 319 1326 381 qui
1367 319 1504 366 etiam

86 406 352 461 perseveret
383 393 432 438 in
473 391 830 441 Ruhnkenianis
869 393 962 451 illis
1000 400 1112 455 „acl
1149 400 1504 444 vindicandam

40 522 41 525 ,
86 473 320 519 maximis
375 473 616 534 periculis
666 473 1022 535 rempublicam
1070 477 1146 521 usi
1197 486 1338 522 erant
1395 485 1506 524 (³0.“

86 549 301 615 Namque
332 569 390 598 ne
429 551 487 599 de
524 569 624 599 voe.
657 571 810 612 remp.
848 552 1039 616 quidem
1078 558 1349 602 accesserim
1382 557 1501 604 Viro

84 629 184 692 Ill.,
239 631 321 678 sed
369 633 649 680 Burmanno
699 645 888 680 auctore
938 635 1179 695 populum
1226 637 1506 698 scripserim,

75 728 234 776 quum
273 713 379 776 quia
416 713 461 758 in
504 725 630 760 textu
666 725 731 760 est
769 717 842 761 ad
881 716 1258 770 vindicandam,
1305 734 1398 761 non
1439 719 1508 762 ad

25 778 26 789 ἵ
88 794 472 852 vindicandam,
525 805 642 848 turn„
675 793 781 856 quia
821 810 930 840 cum
977 792 1251 840 Burmanno
1296 795 1509 841 facientes

89 871 340 918 clarissime
368 872 691 940 intelligimus,
726 872 967 937 quomodo
997 875 1170 920 sactum
1202 875 1272 931 sit,
1308 889 1358 921 ut
1374 877 1510 937 peri·

88 953 185 998 culi
215 969 313 999 non
347 955 587 1014 periculis
631 965 775 1000 exstet
809 954 855 999 in
892 952 977 1000 Ed.
1008 970 1081 1017 pr.
1113 983 1178 990 —
1231 954 1356 1001 Haec
1389 955 1511 1002 enim

85 1029 289 1078 habebat
333 1049 449 1096 quae
485 1031 771 1079 describeret
810 1032 1022 1078 librarius
1055 1032 1234 1080 Mun-ba
1280 1034 1512 1080 maximis

77 1114 777 1174 periculis-politiiasiel-anteo.
890 1110 1051 1167 Quum
1105 1112 1246 1174 igitur
1307 1112 1513 1175 primum

87 1192 303 1238 omnium
354 1191 468 1237 illud
526 1191 612 1237 sibi
658 1203 869 1238 constare
909 1202 1124 1254 putaret,
1179 1191 1335 1237 literas
1386 1194 1514 1252 spoli

87 1288 184 1318 esse
226 1289 388 1319 vocem
432 1273 623 1337 spolia,
670 1272 830 1317 nullus
877 1270 1132 1330 dubitavit,
1185 1269 1515 1334 praecedentes

87 1351 246 1398 literas
284 1369 341 1413 sp
389 1362 606 1413 tanquam
653 1367 707 1396 ex
743 1349 942 1398 absurda
977 1350 1235 1398 earundem
1273 1351 1515 1397 literarum

88 1431 370 1495 repetitione
401 1443 524 1477 ortas
555 1431 817 1494 expellere,
856 1431 1023 1494 quibus
1051 1431 1096 1476 in
1132 1431 1323 1478 exilium
1354 1430 1514 1489 missis,

86 1511 199 1576 quid
239 1511 426 1576 planius
465 1528 605 1574 quam
652 1509 931 1557 adiectivum
970 1512 1204 1557 maximis
1253 1526 1359 1557 curn
1405 1510 1511 1556 sub-

88 1591 288 1640 stantivo
320 1607 406 1637 suo
438 1589 750 1653 adaequatum
781 1588 912 1636 esse?

219 1693 376 1739 Verba
425 1694 722 1738 immodicae
770 1693 1083 1737 crudelitatis
1121 1693 1321 1737 licentia
1368 1694 1513 1755 (pace

87 1770 353 1820 Rulinkenii
387 1772 643 1832 dixerim),
678 1771 740 1818 ita
774 1770 1051 1835 corrigenda
1080 1782 1211 1817 sunt:
1246 1773 1512 1818 immodica

90 1862 139 1900 et
167 1855 463 1901 crudelitate
498 1862 547 1899 et
579 1855 794 1900 licentia.

220 1971 374 2034 Ergo,
422 1983 474 2018 ut
505 1988 620 2034 quae
655 1971 787 2017 nobis
825 1970 1054 2016 invenisse
1092 1969 1352 2026 videamur,
1390 1966 1516 2014 brevi

92 2050 138 2097 in
172 2063 433 2114 conspectu
463 2068 722 2114 ponamus,
760 2049 875 2097 haec
914 2048 1114 2114 legenda
1154 2061 1391 2114 putamus:

235 2154 603 2209 „Videbantur
629 2154 790 2212 finita
838 2151 950 2198 belli
987 2153 1147 2197 civilis
1195 2153 1355 2205 mala,
1406 2166 1514 2195 cum

235 2235 460 2290 „Satlae
489 2236 784 2280 crudelitate
825 2242 974 2280 ancta
1009 2241 1133 2278 sunt.
1212 2231 1406 2292 Quippe
1442 2230 1514 2274 cli-

236 2321 449 2368 „ctator
481 2322 677 2358 crpatas
707 2314 872 2372 (caius
901 2313 1105 2357 lionoris
1134 2311 1391 2370 usurpatio
1418 2324 1516 2369 per

238 2410 446 2449 „annos
504 2393 659 2438 CXX
706 2393 989 2437 intermissa
1015 2407 1029 2435 .·
1094 2407 1209 2434 nam
1256 2390 1516 2450 proximus

238 2481 400 2535 „post
437 2489 648 2525 atinam,
682 2471 839 2540 ³(satim
873 2468 1138 2514 Hannibal
1168 2469 1321 2512 Italia
1357 2482 1514 2510 exces-

237 2561 423 2609 „serat
437 2569 454 2609 ;
513 2553 586 2596 uti
626 2557 903 2611 appareat,
949 2549 1194 2610 populum
1235 2547 1515 2591 Romanum

240 2665 274 2688 ,‚
289 2649 431 2678 usum
495 2630 758 2676 dictatoris
814 2636 931 2673 ante
992 2635 1125 2672 metu
1188 2627 1511 2676 desiderasse,

237 2745 271 2767 ‚,
285 2721 391 2759 tum
436 2713 571 2758 illius
604 2712 766 2757 solum
800 2708 1019 2755 timuisse
1052 2702 1390 2768 potestatem)
1428 2704 1517 2746 im-

103 2556 112 2565 a

46 2596 102 2811 Ι,
106 2606 134 2622 ⁴¹,

163 2642 168 2649 ι

2 2834 7 2842 ι
