<?xml version="1.0" encoding="UTF-8"?>
<!DOCTYPE html PUBLIC "-//W3C//DTD XHTML 1.0 Transitional//EN"
    "http://www.w3.org/TR/xhtml1/DTD/xhtml1-transitional.dtd">
<html xmlns="http://www.w3.org/1999/xhtml" xml:lang="en" lang="en">
 <head>
  <title>
</title>
<meta http-equiv="Content-Type" content="text/html;charset=utf-8" />
  <meta name='ocr-system' content='tesseract 3.04.00' />
  <meta name='ocr-capabilities' content='ocr_page ocr_carea ocr_par ocr_line ocrx_word'/>
</head>
<body>
  <div class='ocr_page' id='page_1' title='image "./locivelleianiine00lauruoft_0040.png"; bbox 0 0 1715 3117; ppageno 0'>
   <div class='ocr_carea' id='block_1_1' title="bbox 184 192 244 237">
    <p class='ocr_par' dir='ltr' id='par_1_1' title="bbox 184 192 244 237">
     <span class='ocr_line' id='line_1_1' title="bbox 184 192 244 237; baseline 0 0"><span class='ocrx_word' id='word_1_1' title='bbox 184 192 244 237; x_wconf 84' lang='lat'><strong>12</strong></span> 
     </span>
    </p>
   </div>
   <div class='ocr_carea' id='block_1_2' title="bbox 174 316 1610 1501">
    <p class='ocr_par' dir='ltr' id='par_1_2' title="bbox 174 316 1610 1501">
     <span class='ocr_line' id='line_1_2' title="bbox 269 316 1609 384; baseline 0.004 -20"><span class='ocrx_word' id='word_1_2' title='bbox 269 349 271 351; x_wconf 95' lang='lat'>-</span> <span class='ocrx_word' id='word_1_3' title='bbox 316 316 483 383; x_wconf 76' lang='lat' dir='ltr'><strong>Neque</strong></span> <span class='ocrx_word' id='word_1_4' title='bbox 533 317 657 365; x_wconf 87' lang='lat' dir='ltr'><strong>enim</strong></span> <span class='ocrx_word' id='word_1_5' title='bbox 699 320 909 384; x_wconf 84' lang='lat' dir='ltr'><strong>quamvis</strong></span> <span class='ocrx_word' id='word_1_6' title='bbox 952 320 1178 369; x_wconf 82' lang='lat' dir='ltr'><strong>renitente</strong></span> <span class='ocrx_word' id='word_1_7' title='bbox 1226 319 1429 369; x_wconf 85' lang='lat' dir='ltr'><strong>Burerio</strong></span> <span class='ocrx_word' id='word_1_8' title='bbox 1471 320 1609 369; x_wconf 86' lang='lat' dir='ltr'><strong>dubi-</strong></span> 
     </span>
     <span class='ocr_line' id='line_1_3' title="bbox 180 397 1610 465; baseline 0.004 -23"><span class='ocrx_word' id='word_1_9' title='bbox 180 409 340 444; x_wconf 73' lang='lat' dir='ltr'><strong>tarunt</strong></span> <span class='ocrx_word' id='word_1_10' title='bbox 371 397 489 445; x_wconf 84' lang='lat' dir='ltr'><strong>haec</strong></span> <span class='ocrx_word' id='word_1_11' title='bbox 521 398 570 444; x_wconf 90' lang='lat' dir='ltr'><strong>in</strong></span> <span class='ocrx_word' id='word_1_12' title='bbox 605 412 780 446; x_wconf 88' lang='lat' dir='ltr'><strong>textum</strong></span> <span class='ocrx_word' id='word_1_13' title='bbox 814 400 1046 465; x_wconf 88' lang='lat' dir='ltr'><strong>recipere:</strong></span> <span class='ocrx_word' id='word_1_14' title='bbox 1096 410 1146 446; x_wconf 84' lang='lat' dir='ltr'><strong>et</strong></span> <span class='ocrx_word' id='word_1_15' title='bbox 1183 401 1355 447; x_wconf 78' lang='lat' dir='ltr'><strong>tabula</strong></span> <span class='ocrx_word' id='word_1_16' title='bbox 1393 411 1610 449; x_wconf 77' lang='lat' dir='ltr'><strong>testatur</strong></span> 
     </span>
     <span class='ocr_line' id='line_1_4' title="bbox 181 479 1606 531; baseline 0.004 -9"><span class='ocrx_word' id='word_1_17' title='bbox 181 494 337 523; x_wconf 81' lang='lat' dir='ltr'><strong>aerea</strong></span> <span class='ocrx_word' id='word_1_18' title='bbox 357 479 495 524; x_wconf 78' lang='lat' dir='ltr'><strong>intra</strong></span> <span class='ocrx_word' id='word_1_19' title='bbox 520 482 709 526; x_wconf 83' lang='lat' dir='ltr'><strong>aedem.</strong></span> <span class='ocrx_word' id='word_1_20' title='bbox 743 481 943 526; x_wconf 82' lang='lat' dir='ltr'><em>Deinde</em></span> <span class='ocrx_word' id='word_1_21' title='bbox 968 497 1087 526; x_wconf 75' lang='lat' dir='ltr'><strong>coss.</strong></span> <span class='ocrx_word' id='word_1_22' title='bbox 1150 479 1216 526; x_wconf 91' lang='lat' dir='ltr'><strong>At</strong></span> <span class='ocrx_word' id='word_1_23' title='bbox 1236 497 1350 528; x_wconf 83' lang='lat' dir='ltr'><strong>vero</strong></span> <span class='ocrx_word' id='word_1_24' title='bbox 1383 499 1481 529; x_wconf 90' lang='lat' dir='ltr'><strong>non</strong></span> <span class='ocrx_word' id='word_1_25' title='bbox 1503 482 1606 531; x_wconf 81' lang='lat' dir='ltr'><strong>vili·-</strong></span> 
     </span>
     <span class='ocr_line' id='line_1_5' title="bbox 181 556 1607 624; baseline 0.003 -19"><span class='ocrx_word' id='word_1_26' title='bbox 181 558 436 624; x_wconf 88' lang='lat' dir='ltr'><strong>pendenda</strong></span> <span class='ocrx_word' id='word_1_27' title='bbox 465 574 602 606; x_wconf 88' lang='lat' dir='ltr'><strong>erant</strong></span> <span class='ocrx_word' id='word_1_28' title='bbox 631 560 842 607; x_wconf 72' lang='lat' dir='ltr'><strong>Bul-erii:</strong></span> <span class='ocrx_word' id='word_1_29' title='bbox 892 556 934 619; x_wconf 67' lang='grc' dir='ltr'><strong>ὃ(</strong></span> <span class='ocrx_word' id='word_1_30' title='bbox 964 560 1170 606; x_wconf 77' lang='lat' dir='ltr'><strong>crabala</strong></span> <span class='ocrx_word' id='word_1_31' title='bbox 1196 569 1411 606; x_wconf 76' lang='lat' dir='ltr'><strong>testatur</strong></span> <span class='ocrx_word' id='word_1_32' title='bbox 1441 580 1607 612; x_wconf 84' lang='lat' dir='ltr'><strong>aerea.</strong></span> 
     </span>
     <span class='ocr_line' id='line_1_6' title="bbox 180 638 1606 702; baseline 0.002 -18"><span class='ocrx_word' id='word_1_33' title='bbox 180 640 383 685; x_wconf 77' lang='lat' dir='ltr'><strong><em>Interea</em></strong></span> <span class='ocrx_word' id='word_1_34' title='bbox 427 641 617 685; x_wconf 81' lang='lat' dir='ltr'><strong>deinde.</strong></span> <span class='ocrx_word' id='word_1_35' title='bbox 693 639 801 686; x_wconf 91' lang='lat' dir='ltr'><strong>Hoc</strong></span> <span class='ocrx_word' id='word_1_36' title='bbox 848 638 975 685; x_wconf 85' lang='lat' dir='ltr'><strong>enim</strong></span> <span class='ocrx_word' id='word_1_37' title='bbox 1030 639 1116 685; x_wconf 89' lang='lat' dir='ltr'><strong>sub</strong></span> <span class='ocrx_word' id='word_1_38' title='bbox 1156 640 1259 685; x_wconf 87' lang='lat' dir='ltr'><strong>luto</strong></span> <span class='ocrx_word' id='word_1_39' title='bbox 1295 640 1407 686; x_wconf 86' lang='lat' dir='ltr'><strong>latet</strong></span> <span class='ocrx_word' id='word_1_40' title='bbox 1453 640 1606 702; x_wconf 86' lang='lat' dir='ltr'><strong>(mihi</strong></span> 
     </span>
     <span class='ocr_line' id='line_1_7' title="bbox 179 716 1605 784; baseline 0.002 -20"><span class='ocrx_word' id='word_1_41' title='bbox 179 716 348 775; x_wconf 82' lang='lat' dir='ltr'><strong>erede)</strong></span> <span class='ocrx_word' id='word_1_42' title='bbox 397 735 532 765; x_wconf 83' lang='lat' dir='ltr'><strong>verae</strong></span> <span class='ocrx_word' id='word_1_43' title='bbox 585 718 825 780; x_wconf 85' lang='lat' dir='ltr'><strong>lectionis,</strong></span> <span class='ocrx_word' id='word_1_44' title='bbox 875 732 926 764; x_wconf 88' lang='lat' dir='ltr'><strong>ut</strong></span> <span class='ocrx_word' id='word_1_45' title='bbox 977 718 1040 764; x_wconf 92' lang='lat' dir='ltr'><strong>ita</strong></span> <span class='ocrx_word' id='word_1_46' title='bbox 1087 717 1272 779; x_wconf 84' lang='lat' dir='ltr'><strong>dicam,</strong></span> <span class='ocrx_word' id='word_1_47' title='bbox 1340 720 1605 784; x_wconf 84' lang='lat' dir='ltr'><strong>margarita.</strong></span> 
     </span>
     <span class='ocr_line' id='line_1_8' title="bbox 179 786 1609 866; baseline 0.002 -22"><span class='ocrx_word' id='word_1_48' title='bbox 179 796 276 844; x_wconf 86' lang='lat' dir='ltr'><strong>Sed</strong></span> <span class='ocrx_word' id='word_1_49' title='bbox 327 797 597 863; x_wconf 84' lang='lat' dir='ltr'><strong>priusquam</strong></span> <span class='ocrx_word' id='word_1_50' title='bbox 659 797 781 845; x_wconf 87' lang='lat' dir='ltr'><strong>hanc</strong></span> <span class='ocrx_word' id='word_1_51' title='bbox 833 797 1062 863; x_wconf 80' lang='lat' dir='ltr'><strong>expiscari</strong></span> <span class='ocrx_word' id='word_1_52' title='bbox 1099 786 1370 860; x_wconf 34' lang='lat' dir='ltr'><strong>conemurJ</strong></span> <span class='ocrx_word' id='word_1_53' title='bbox 1407 817 1609 866; x_wconf 79' lang='lat' dir='ltr'><strong>perpen-</strong></span> 
     </span>
     <span class='ocr_line' id='line_1_9' title="bbox 178 876 1608 943; baseline 0.002 -19"><span class='ocrx_word' id='word_1_54' title='bbox 178 876 345 924; x_wconf 85' lang='lat' dir='ltr'><strong>damus</strong></span> <span class='ocrx_word' id='word_1_55' title='bbox 380 895 565 924; x_wconf 89' lang='lat' dir='ltr'><strong>necesse</strong></span> <span class='ocrx_word' id='word_1_56' title='bbox 611 892 699 937; x_wconf 65' lang='lat' dir='ltr'><strong>est,</strong></span> <span class='ocrx_word' id='word_1_57' title='bbox 740 879 915 943; x_wconf 9' lang='lat' dir='ltr'><strong>*quibus</strong></span> <span class='ocrx_word' id='word_1_58' title='bbox 959 878 1018 925; x_wconf 88' lang='lat' dir='ltr'><strong>de</strong></span> <span class='ocrx_word' id='word_1_59' title='bbox 1055 881 1224 926; x_wconf 86' lang='lat' dir='ltr'><strong>caussis</strong></span> <span class='ocrx_word' id='word_1_60' title='bbox 1272 880 1479 941; x_wconf 81' lang='lat' dir='ltr'><strong>(etiamsi</strong></span> <span class='ocrx_word' id='word_1_61' title='bbox 1517 878 1608 927; x_wconf 85' lang='lat' dir='ltr'><strong>dis-</strong></span> 
     </span>
     <span class='ocr_line' id='line_1_10' title="bbox 178 955 1609 1006; baseline 0.001 -2"><span class='ocrx_word' id='word_1_62' title='bbox 178 958 368 1004; x_wconf 83' lang='lat' dir='ltr'><strong>cesseris</strong></span> <span class='ocrx_word' id='word_1_63' title='bbox 409 959 465 1003; x_wconf 87' lang='lat' dir='ltr'><strong>ab</strong></span> <span class='ocrx_word' id='word_1_64' title='bbox 505 955 780 1002; x_wconf 85' lang='lat' dir='ltr'><strong>auctoritate</strong></span> <span class='ocrx_word' id='word_1_65' title='bbox 828 971 872 1002; x_wconf 90' lang='lat' dir='ltr'><strong>et</strong></span> <span class='ocrx_word' id='word_1_66' title='bbox 907 957 1082 1005; x_wconf 90' lang='lat' dir='ltr'><strong>codicis</strong></span> <span class='ocrx_word' id='word_1_67' title='bbox 1122 973 1165 1005; x_wconf 90' lang='lat' dir='ltr'><strong>et</strong></span> <span class='ocrx_word' id='word_1_68' title='bbox 1201 959 1389 1005; x_wconf 86' lang='lat' dir='ltr'><strong>Burerii</strong></span> <span class='ocrx_word' id='word_1_69' title='bbox 1426 977 1609 1006; x_wconf 86' lang='lat' dir='ltr'><strong>summa</strong></span> 
     </span>
     <span class='ocr_line' id='line_1_11' title="bbox 178 1033 1607 1103; baseline 0.002 -21"><span class='ocrx_word' id='word_1_70' title='bbox 178 1035 385 1100; x_wconf 87' lang='lat' dir='ltr'><strong>alioquin</strong></span> <span class='ocrx_word' id='word_1_71' title='bbox 405 1034 500 1081; x_wconf 89' lang='lat' dir='ltr'><strong>fide</strong></span> <span class='ocrx_word' id='word_1_72' title='bbox 525 1033 803 1098; x_wconf 81' lang='lat' dir='ltr'><strong>dignorum)</strong></span> <span class='ocrx_word' id='word_1_73' title='bbox 826 1034 1150 1083; x_wconf 81' lang='lat' dir='ltr'>dimittendam</span> <span class='ocrx_word' id='word_1_74' title='bbox 1174 1054 1365 1102; x_wconf 88' lang='lat' dir='ltr'><strong>prorsus</strong></span> <span class='ocrx_word' id='word_1_75' title='bbox 1387 1056 1607 1103; x_wconf 83' lang='lat' dir='ltr'><strong>spernen-</strong></span> 
     </span>
     <span class='ocr_line' id='line_1_12' title="bbox 179 1115 1608 1182; baseline 0.001 -19"><span class='ocrx_word' id='word_1_76' title='bbox 179 1116 382 1181; x_wconf 87' lang='lat' dir='ltr'><strong>damque</strong></span> <span class='ocrx_word' id='word_1_77' title='bbox 437 1132 710 1163; x_wconf 80' lang='lat' dir='ltr'><strong>censeamus</strong></span> <span class='ocrx_word' id='word_1_78' title='bbox 756 1115 948 1163; x_wconf 88' lang='lat' dir='ltr'><strong>Krausii</strong></span> <span class='ocrx_word' id='word_1_79' title='bbox 993 1118 1289 1182; x_wconf 86' lang='lat' dir='ltr'><strong>aliorumque</strong></span> <span class='ocrx_word' id='word_1_80' title='bbox 1342 1119 1608 1165; x_wconf 85' lang='lat' dir='ltr'><strong>lectionem.</strong></span> 
     </span>
     <span class='ocr_line' id='line_1_13' title="bbox 175 1194 1606 1261; baseline 0.002 -19"><span class='ocrx_word' id='word_1_81' title='bbox 175 1195 340 1261; x_wconf 87' lang='lat' dir='ltr'><strong>Itaque</strong></span> <span class='ocrx_word' id='word_1_82' title='bbox 377 1194 493 1260; x_wconf 89' lang='lat' dir='ltr'><strong>quid</strong></span> <span class='ocrx_word' id='word_1_83' title='bbox 531 1195 619 1241; x_wconf 88' lang='lat' dir='ltr'><strong>sibi</strong></span> <span class='ocrx_word' id='word_1_84' title='bbox 652 1195 752 1242; x_wconf 87' lang='lat' dir='ltr'><strong>vult</strong></span> <span class='ocrx_word' id='word_1_85' title='bbox 784 1197 941 1243; x_wconf 83' lang='lat' dir='ltr'><strong>tabula</strong></span> <span class='ocrx_word' id='word_1_86' title='bbox 973 1197 1058 1243; x_wconf 87' lang='lat' dir='ltr'><strong>ista</strong></span> <span class='ocrx_word' id='word_1_87' title='bbox 1097 1215 1229 1244; x_wconf 86' lang='lat' dir='ltr'><strong>aerea</strong></span> <span class='ocrx_word' id='word_1_88' title='bbox 1268 1198 1391 1245; x_wconf 85' lang='lat' dir='ltr'><strong>intra</strong></span> <span class='ocrx_word' id='word_1_89' title='bbox 1425 1197 1606 1260; x_wconf 82' lang='lat' dir='ltr'><strong>aedem,</strong></span> 
     </span>
     <span class='ocr_line' id='line_1_14' title="bbox 174 1275 1608 1341; baseline 0.001 -17"><span class='ocrx_word' id='word_1_90' title='bbox 174 1291 228 1323; x_wconf 88' lang='lat' dir='ltr'><strong>ut</strong></span> <span class='ocrx_word' id='word_1_91' title='bbox 249 1277 433 1331; x_wconf 88' lang='lat' dir='ltr'><strong>volunt,</strong></span> <span class='ocrx_word' id='word_1_92' title='bbox 468 1275 681 1323; x_wconf 80' lang='lat' dir='ltr'><strong>servata?</strong></span> <span class='ocrx_word' id='word_1_93' title='bbox 734 1277 876 1323; x_wconf 81' lang='lat' dir='ltr'><strong>Estne</strong></span> <span class='ocrx_word' id='word_1_94' title='bbox 897 1277 1137 1341; x_wconf 82' lang='lat' dir='ltr'><strong>inscriptio</strong></span> <span class='ocrx_word' id='word_1_95' title='bbox 1163 1277 1334 1324; x_wconf 69' lang='lat' dir='ltr'><strong>aerea?</strong></span> <span class='ocrx_word' id='word_1_96' title='bbox 1390 1278 1608 1326; x_wconf 87' lang='lat' dir='ltr'><strong>Goettius</strong></span> 
     </span>
     <span class='ocr_line' id='line_1_15' title="bbox 176 1356 1609 1423; baseline 0.001 -19"><span class='ocrx_word' id='word_1_97' title='bbox 176 1371 302 1404; x_wconf 85' lang='lat' dir='ltr'><strong>certe</strong></span> <span class='ocrx_word' id='word_1_98' title='bbox 337 1356 395 1403; x_wconf 88' lang='lat' dir='ltr'><strong>V.</strong></span> <span class='ocrx_word' id='word_1_99' title='bbox 422 1356 481 1402; x_wconf 92' lang='lat' dir='ltr'><strong>D.</strong></span> <span class='ocrx_word' id='word_1_100' title='bbox 515 1356 678 1402; x_wconf 81' lang='lat' dir='ltr'><strong>vertit:</strong></span> <span class='ocrx_word' id='word_1_101' title='bbox 720 1356 870 1416; x_wconf 79' lang='lat' dir='ltr'><strong>„Eine</strong></span> <span class='ocrx_word' id='word_1_102' title='bbox 891 1356 1064 1404; x_wconf 88' lang='lat' dir='ltr'><strong>eherne</strong></span> <span class='ocrx_word' id='word_1_103' title='bbox 1095 1357 1276 1404; x_wconf 82' lang='lat' dir='ltr'><strong>Tafel.“</strong></span> <span class='ocrx_word' id='word_1_104' title='bbox 1337 1359 1527 1423; x_wconf 79' lang='lat' dir='ltr'><strong>Ergone</strong></span> <span class='ocrx_word' id='word_1_105' title='bbox 1563 1373 1609 1406; x_wconf 90' lang='lat' dir='ltr'><strong>et</strong></span> 
     </span>
     <span class='ocr_line' id='line_1_16' title="bbox 174 1435 1606 1501; baseline 0.001 -18"><span class='ocrx_word' id='word_1_106' title='bbox 174 1436 415 1500; x_wconf 81' lang='lat' dir='ltr'><strong>inscriptio</strong></span> <span class='ocrx_word' id='word_1_107' title='bbox 437 1436 531 1496; x_wconf 88' lang='lat' dir='ltr'><strong>illa,</strong></span> <span class='ocrx_word' id='word_1_108' title='bbox 562 1435 881 1501; x_wconf 72' lang='lat' dir='ltr'><strong>postitempli</strong></span> <span class='ocrx_word' id='word_1_109' title='bbox 912 1439 1059 1498; x_wconf 79' lang='lat' dir='ltr'><strong>affixa,</strong></span> <span class='ocrx_word' id='word_1_110' title='bbox 1080 1439 1238 1485; x_wconf 82' lang='lat' dir='ltr'><strong>tabula</strong></span> <span class='ocrx_word' id='word_1_111' title='bbox 1270 1439 1371 1485; x_wconf 79' lang='lat' dir='ltr'><strong>est?</strong></span> <span class='ocrx_word' id='word_1_112' title='bbox 1417 1439 1606 1486; x_wconf 87' lang='lat' dir='ltr'><strong>Etenim</strong></span> 
     </span>
    </p>
   </div>
   <div class='ocr_carea' id='block_1_3' title="bbox 176 1516 1690 1584">
    <p class='ocr_par' dir='ltr' id='par_1_3' title="bbox 176 1516 1690 1584">
     <span class='ocr_line' id='line_1_17' title="bbox 176 1516 1690 1584; baseline 0.003 -20"><span class='ocrx_word' id='word_1_113' title='bbox 176 1518 431 1580; x_wconf 83' lang='lat' dir='ltr'><strong>affiguntur</strong></span> <span class='ocrx_word' id='word_1_114' title='bbox 456 1516 649 1562; x_wconf 88' lang='lat' dir='ltr'><strong>nonnisi</strong></span> <span class='ocrx_word' id='word_1_115' title='bbox 671 1517 871 1564; x_wconf 75' lang='lat' dir='ltr'><strong>tabulae.</strong></span> <span class='ocrx_word' id='word_1_116' title='bbox 920 1518 1083 1565; x_wconf 84' lang='lat' dir='ltr'><strong>Verba</strong></span> <span class='ocrx_word' id='word_1_117' title='bbox 1108 1533 1281 1580; x_wconf 87' lang='lat' dir='ltr'><strong>autem,</strong></span> <span class='ocrx_word' id='word_1_118' title='bbox 1317 1536 1436 1584; x_wconf 85' lang='lat' dir='ltr'><strong>quae</strong></span> <span class='ocrx_word' id='word_1_119' title='bbox 1463 1520 1607 1584; x_wconf 88' lang='lat' dir='ltr'><strong>vulgo</strong></span> <span class='ocrx_word' id='word_1_120' title='bbox 1632 1565 1636 1569; x_wconf 89' lang='lat'>.</span> <span class='ocrx_word' id='word_1_121' title='bbox 1687 1526 1690 1529; x_wconf 80' lang='grc'><strong>’</strong></span> 
     </span>
    </p>
   </div>
   <div class='ocr_carea' id='block_1_4' title="bbox 170 1597 1607 2782">
    <p class='ocr_par' dir='ltr' id='par_1_4' title="bbox 173 1597 1607 2142">
     <span class='ocr_line' id='line_1_18' title="bbox 179 1597 1607 1661; baseline 0.001 -17"><span class='ocrx_word' id='word_1_122' title='bbox 179 1598 415 1655; x_wconf 81' lang='lat' dir='ltr'><strong>feruntur,</strong></span> <span class='ocrx_word' id='word_1_123' title='bbox 438 1597 574 1641; x_wconf 81' lang='lat' dir='ltr'><strong>intra</strong></span> <span class='ocrx_word' id='word_1_124' title='bbox 598 1598 776 1641; x_wconf 78' lang='lat' dir='ltr'><strong>aedem</strong></span> <span class='ocrx_word' id='word_1_125' title='bbox 798 1610 1106 1660; x_wconf 86' lang='lat' dir='ltr'><strong>opponuntur</strong></span> <span class='ocrx_word' id='word_1_126' title='bbox 1130 1597 1241 1644; x_wconf 87' lang='lat' dir='ltr'><strong>illis:</strong></span> <span class='ocrx_word' id='word_1_127' title='bbox 1272 1601 1443 1661; x_wconf 77' lang='lat' dir='ltr'><strong>templi</strong></span> <span class='ocrx_word' id='word_1_128' title='bbox 1453 1601 1607 1661; x_wconf 78' lang='lat' dir='ltr'><strong>posti.</strong></span> 
     </span>
     <span class='ocr_line' id='line_1_19' title="bbox 173 1673 1602 1741; baseline 0.001 -18"><span class='ocrx_word' id='word_1_129' title='bbox 173 1676 334 1741; x_wconf 87' lang='lat' dir='ltr'><strong>Atque</strong></span> <span class='ocrx_word' id='word_1_130' title='bbox 368 1691 552 1734; x_wconf 84' lang='lat' dir='ltr'><strong>nonne,</strong></span> <span class='ocrx_word' id='word_1_131' title='bbox 583 1674 622 1720; x_wconf 90' lang='lat' dir='ltr'><strong>si</strong></span> <span class='ocrx_word' id='word_1_132' title='bbox 655 1673 773 1722; x_wconf 85' lang='lat' dir='ltr'><strong>haec</strong></span> <span class='ocrx_word' id='word_1_133' title='bbox 805 1693 966 1741; x_wconf 82' lang='lat' dir='ltr'><strong>reapse</strong></span> <span class='ocrx_word' id='word_1_134' title='bbox 1002 1677 1243 1724; x_wconf 86' lang='lat' dir='ltr'><strong>Velleiana</strong></span> <span class='ocrx_word' id='word_1_135' title='bbox 1280 1691 1468 1739; x_wconf 82' lang='lat' dir='ltr'><strong>essent‚·</strong></span> <span class='ocrx_word' id='word_1_136' title='bbox 1502 1695 1602 1725; x_wconf 89' lang='lat' dir='ltr'><strong>rem</strong></span> 
     </span>
     <span class='ocr_line' id='line_1_20' title="bbox 175 1755 1607 1823; baseline 0.001 -20"><span class='ocrx_word' id='word_1_137' title='bbox 175 1755 568 1821; x_wconf 82' lang='lat' dir='ltr'><strong>simplicissimam</strong></span> <span class='ocrx_word' id='word_1_138' title='bbox 590 1755 1110 1804; x_wconf 23' lang='lat' dir='ltr'><strong>necessariotverbosius</strong></span> <span class='ocrx_word' id='word_1_139' title='bbox 1133 1758 1453 1823; x_wconf 81' lang='lat' dir='ltr'><strong>exposuisset?</strong></span> <span class='ocrx_word' id='word_1_140' title='bbox 1483 1757 1607 1805; x_wconf 87' lang='lat' dir='ltr'><strong>Mihi</strong></span> 
     </span>
     <span class='ocr_line' id='line_1_21' title="bbox 176 1835 1606 1902; baseline 0.001 -19"><span class='ocrx_word' id='word_1_141' title='bbox 176 1835 368 1902; x_wconf 87' lang='lat' dir='ltr'><strong>quidem</strong></span> <span class='ocrx_word' id='word_1_142' title='bbox 420 1835 538 1882; x_wconf 86' lang='lat' dir='ltr'><strong>nihil</strong></span> <span class='ocrx_word' id='word_1_143' title='bbox 590 1836 781 1895; x_wconf 82' lang='lat' dir='ltr'><strong>clarius,</strong></span> <span class='ocrx_word' id='word_1_144' title='bbox 863 1854 1005 1900; x_wconf 87' lang='lat' dir='ltr'><strong>quam</strong></span> <span class='ocrx_word' id='word_1_145' title='bbox 1060 1854 1169 1883; x_wconf 90' lang='lat' dir='ltr'><strong>eum</strong></span> <span class='ocrx_word' id='word_1_146' title='bbox 1217 1837 1348 1884; x_wconf 88' lang='lat' dir='ltr'><strong>hunc</strong></span> <span class='ocrx_word' id='word_1_147' title='bbox 1404 1838 1452 1885; x_wconf 92' lang='lat' dir='ltr'><strong>in</strong></span> <span class='ocrx_word' id='word_1_148' title='bbox 1503 1854 1606 1884; x_wconf 90' lang='lat' dir='ltr'><strong>mo-</strong></span> 
     </span>
     <span class='ocr_line' id='line_1_22' title="bbox 176 1915 1606 1980; baseline 0.001 -18"><span class='ocrx_word' id='word_1_149' title='bbox 176 1915 294 1962; x_wconf 91' lang='lat' dir='ltr'><strong>dum</strong></span> <span class='ocrx_word' id='word_1_150' title='bbox 344 1933 668 1980; x_wconf 85' lang='lat' dir='ltr'><strong>expressurum</strong></span> <span class='ocrx_word' id='word_1_151' title='bbox 711 1916 849 1962; x_wconf 90' lang='lat' dir='ltr'><strong>fuisse</strong></span> <span class='ocrx_word' id='word_1_152' title='bbox 894 1917 1175 1963; x_wconf 85' lang='lat' dir='ltr'><strong>sententiam</strong></span> <span class='ocrx_word' id='word_1_153' title='bbox 1221 1918 1373 1964; x_wconf 88' lang='lat' dir='ltr'><strong>illam:</strong></span> <span class='ocrx_word' id='word_1_154' title='bbox 1448 1917 1606 1964; x_wconf 90' lang='lat' dir='ltr'><strong>Huius</strong></span> 
     </span>
     <span class='ocr_line' id='line_1_23' title="bbox 176 1996 1606 2063; baseline 0.001 -21"><span class='ocrx_word' id='word_1_155' title='bbox 176 2010 333 2060; x_wconf 84' lang='lat' dir='ltr'><strong>gratae</strong></span> <span class='ocrx_word' id='word_1_156' title='bbox 369 1996 609 2059; x_wconf 82' lang='lat' dir='ltr'><strong>religionis</strong></span> <span class='ocrx_word' id='word_1_157' title='bbox 643 1996 919 2042; x_wconf 85' lang='lat' dir='ltr'><strong>memoriam</strong></span> <span class='ocrx_word' id='word_1_158' title='bbox 960 2011 1004 2044; x_wconf 91' lang='lat' dir='ltr'><strong>et</strong></span> <span class='ocrx_word' id='word_1_159' title='bbox 1047 1997 1214 2062; x_wconf 86' lang='lat' dir='ltr'><strong>templi</strong></span> <span class='ocrx_word' id='word_1_160' title='bbox 1246 1998 1369 2063; x_wconf 83' lang='lat' dir='ltr'><strong>posti</strong></span> <span class='ocrx_word' id='word_1_161' title='bbox 1403 2011 1449 2045; x_wconf 89' lang='lat' dir='ltr'><strong>et</strong></span> <span class='ocrx_word' id='word_1_162' title='bbox 1483 1998 1606 2044; x_wconf 85' lang='lat' dir='ltr'><strong>intus</strong></span> 
     </span>
     <span class='ocr_line' id='line_1_24' title="bbox 175 2076 968 2142; baseline 0 -18"><span class='ocrx_word' id='word_1_163' title='bbox 175 2078 336 2127; x_wconf 81' lang='lat' dir='ltr'><strong>affixae</strong></span> <span class='ocrx_word' id='word_1_164' title='bbox 368 2089 593 2122; x_wconf 83' lang='lat' dir='ltr'><strong>testantur</strong></span> <span class='ocrx_word' id='word_1_165' title='bbox 626 2076 968 2142; x_wconf 83' lang='lat' dir='ltr'><strong>inscriptiones.</strong></span> 
     </span>
    </p>

    <p class='ocr_par' dir='ltr' id='par_1_5' title="bbox 170 2155 1607 2782">
     <span class='ocr_line' id='line_1_25' title="bbox 305 2155 1600 2222; baseline 0 -18"><span class='ocrx_word' id='word_1_166' title='bbox 305 2155 401 2204; x_wconf 88' lang='lat' dir='ltr'><strong>Sed</strong></span> <span class='ocrx_word' id='word_1_167' title='bbox 441 2155 564 2204; x_wconf 85' lang='lat' dir='ltr'><strong>dicet</strong></span> <span class='ocrx_word' id='word_1_168' title='bbox 613 2157 806 2204; x_wconf 84' lang='lat' dir='ltr'><strong>fortasse</strong></span> <span class='ocrx_word' id='word_1_169' title='bbox 857 2156 1115 2222; x_wconf 85' lang='lat' dir='ltr'><strong>quispiam:</strong></span> <span class='ocrx_word' id='word_1_170' title='bbox 1160 2157 1371 2214; x_wconf 80' lang='lat' dir='ltr'><strong>tabulam</strong></span> <span class='ocrx_word' id='word_1_171' title='bbox 1415 2174 1600 2204; x_wconf 84' lang='lat' dir='ltr'><strong>aeream</strong></span> 
     </span>
     <span class='ocr_line' id='line_1_26' title="bbox 175 2236 1605 2302; baseline -0.002 -17"><span class='ocrx_word' id='word_1_172' title='bbox 175 2255 272 2285; x_wconf 88' lang='lat' dir='ltr'><strong>non</strong></span> <span class='ocrx_word' id='word_1_173' title='bbox 313 2237 669 2300; x_wconf 87' lang='lat' dir='ltr'><strong>inscriptionem</strong></span> <span class='ocrx_word' id='word_1_174' title='bbox 705 2254 824 2297; x_wconf 82' lang='lat' dir='ltr'><strong>esse,</strong></span> <span class='ocrx_word' id='word_1_175' title='bbox 868 2236 950 2284; x_wconf 86' lang='lat' dir='ltr'><strong>sed</strong></span> <span class='ocrx_word' id='word_1_176' title='bbox 980 2237 1183 2284; x_wconf 88' lang='lat' dir='ltr'><strong>tabulam</strong></span> <span class='ocrx_word' id='word_1_177' title='bbox 1222 2254 1405 2302; x_wconf 84' lang='lat' dir='ltr'><strong>pugnae</strong></span> <span class='ocrx_word' id='word_1_178' title='bbox 1439 2237 1605 2300; x_wconf 85' lang='lat' dir='ltr'><strong>imagi-</strong></span> 
     </span>
     <span class='ocr_line' id='line_1_27' title="bbox 173 2316 1602 2382; baseline 0 -18"><span class='ocrx_word' id='word_1_179' title='bbox 173 2335 283 2364; x_wconf 89' lang='lat' dir='ltr'><strong>nem</strong></span> <span class='ocrx_word' id='word_1_180' title='bbox 324 2317 615 2364; x_wconf 82' lang='lat' dir='ltr'><strong>referentem.</strong></span> <span class='ocrx_word' id='word_1_181' title='bbox 699 2316 847 2372; x_wconf 86' lang='lat' dir='ltr'><strong>Quod</strong></span> <span class='ocrx_word' id='word_1_182' title='bbox 890 2317 1103 2382; x_wconf 87' lang='lat' dir='ltr'><strong>quamvis</strong></span> <span class='ocrx_word' id='word_1_183' title='bbox 1143 2318 1336 2364; x_wconf 87' lang='lat' dir='ltr'><strong>minime</strong></span> <span class='ocrx_word' id='word_1_184' title='bbox 1373 2317 1602 2381; x_wconf 87' lang='lat' dir='ltr'><strong>negarim,</strong></span> 
     </span>
     <span class='ocr_line' id='line_1_28' title="bbox 175 2396 1607 2462; baseline 0 -19"><span class='ocrx_word' id='word_1_185' title='bbox 175 2397 436 2461; x_wconf 84' lang='lat' dir='ltr'><strong>explicetur</strong></span> <span class='ocrx_word' id='word_1_186' title='bbox 472 2412 656 2458; x_wconf 80' lang='lat' dir='ltr'><strong>tamen,</strong></span> <span class='ocrx_word' id='word_1_187' title='bbox 693 2414 894 2462; x_wconf 85' lang='lat' dir='ltr'><strong>quaeso,</strong></span> <span class='ocrx_word' id='word_1_188' title='bbox 934 2397 1049 2462; x_wconf 83' lang='lat' dir='ltr'><strong>quid</strong></span> <span class='ocrx_word' id='word_1_189' title='bbox 1071 2398 1158 2444; x_wconf 88' lang='lat' dir='ltr'><strong>sibi</strong></span> <span class='ocrx_word' id='word_1_190' title='bbox 1179 2398 1291 2444; x_wconf 89' lang='lat' dir='ltr'><strong>velit</strong></span> <span class='ocrx_word' id='word_1_191' title='bbox 1324 2396 1607 2454; x_wconf 79' lang='lat' dir='ltr'><strong>adiectivum</strong></span> 
     </span>
     <span class='ocr_line' id='line_1_29' title="bbox 170 2469 1605 2541; baseline -0.001 -19"><span class='ocrx_word' id='word_1_192' title='bbox 170 2476 364 2529; x_wconf 76' lang='lat' dir='ltr'><strong>aerea?</strong></span> <span class='ocrx_word' id='word_1_193' title='bbox 388 2507 456 2514; x_wconf 84' lang='lat'><strong>—-</strong></span> <span class='ocrx_word' id='word_1_194' title='bbox 521 2476 734 2523; x_wconf 86' lang='lat' dir='ltr'><strong>Tabulae</strong></span> <span class='ocrx_word' id='word_1_195' title='bbox 773 2493 932 2523; x_wconf 86' lang='lat' dir='ltr'><strong>aereae</strong></span> <span class='ocrx_word' id='word_1_196' title='bbox 972 2477 1110 2523; x_wconf 84' lang='lat' dir='ltr'><strong>etiam</strong></span> <span class='ocrx_word' id='word_1_197' title='bbox 1155 2475 1285 2541; x_wconf 85' lang='lat' dir='ltr'><strong>apud</strong></span> <span class='ocrx_word' id='word_1_198' title='bbox 1324 2469 1605 2523; x_wconf 81' lang='lat' dir='ltr'><strong>Suetonium</strong></span> 
     </span>
     <span class='ocr_line' id='line_1_30' title="bbox 171 2554 1606 2621; baseline -0.002 -17"><span class='ocrx_word' id='word_1_199' title='bbox 171 2555 340 2621; x_wconf 85' lang='lat' dir='ltr'><strong>(Vesp.</strong></span> <span class='ocrx_word' id='word_1_200' title='bbox 372 2558 448 2618; x_wconf 90' lang='lat'><strong>8.)</strong></span> <span class='ocrx_word' id='word_1_201' title='bbox 510 2569 942 2603; x_wconf 85' lang='lat' dir='ltr'><strong>commemorantur</strong></span> <span class='ocrx_word' id='word_1_202' title='bbox 985 2569 1231 2621; x_wconf 86' lang='lat' dir='ltr'><strong>tamquam</strong></span> <span class='ocrx_word' id='word_1_203' title='bbox 1278 2554 1606 2620; x_wconf 83' lang='lat' dir='ltr'><strong>inscriptiones</strong></span> 
     </span>
     <span class='ocr_line' id='line_1_31' title="bbox 173 2635 1606 2709; baseline 0 -27"><span class='ocrx_word' id='word_1_204' title='bbox 173 2635 348 2701; x_wconf 87' lang='lat' dir='ltr'><strong>quippe</strong></span> <span class='ocrx_word' id='word_1_205' title='bbox 387 2636 557 2700; x_wconf 89' lang='lat' dir='ltr'><strong>quibus</strong></span> <span class='ocrx_word' id='word_1_206' title='bbox 590 2649 812 2684; x_wconf 87' lang='lat' dir='ltr'><strong>contenta</strong></span> <span class='ocrx_word' id='word_1_207' title='bbox 843 2636 1016 2709; x_wconf 72' lang='lat' dir='ltr'><strong>fuerint</strong></span> <span class='ocrx_word' id='word_1_208' title='bbox 1035 2636 1156 2684; x_wconf 86' lang='lat' dir='ltr'><strong>SCta</strong></span> <span class='ocrx_word' id='word_1_209' title='bbox 1186 2651 1232 2683; x_wconf 89' lang='lat' dir='ltr'><strong>et</strong></span> <span class='ocrx_word' id='word_1_210' title='bbox 1262 2635 1515 2701; x_wconf 84' lang='lat' dir='ltr'><strong>plebiscita.</strong></span> <span class='ocrx_word' id='word_1_211' title='bbox 1539 2662 1606 2672; x_wconf 90' lang='grc'><strong>--</strong></span> 
     </span>
     <span class='ocr_line' id='line_1_32' title="bbox 171 2713 1604 2782; baseline -0.001 -20"><span class='ocrx_word' id='word_1_212' title='bbox 171 2714 332 2771; x_wconf 87' lang='lat' dir='ltr'><strong>Quare</strong></span> <span class='ocrx_word' id='word_1_213' title='bbox 358 2713 418 2762; x_wconf 84' lang='lat' dir='ltr'><strong>de</strong></span> <span class='ocrx_word' id='word_1_214' title='bbox 449 2716 606 2764; x_wconf 88' lang='lat' dir='ltr'><strong>tabula</strong></span> <span class='ocrx_word' id='word_1_215' title='bbox 627 2734 761 2765; x_wconf 83' lang='lat' dir='ltr'><strong>aerea</strong></span> <span class='ocrx_word' id='word_1_216' title='bbox 786 2717 1038 2782; x_wconf 76' lang='lat' dir='ltr'><strong>anaglypta</strong></span> <span class='ocrx_word' id='word_1_217' title='bbox 1071 2717 1149 2765; x_wconf 86' lang='lat' dir='ltr'><strong>vix</strong></span> <span class='ocrx_word' id='word_1_218' title='bbox 1173 2717 1262 2764; x_wconf 88' lang='lat' dir='ltr'><strong>erit</strong></span> <span class='ocrx_word' id='word_1_219' title='bbox 1286 2714 1604 2780; x_wconf 79' lang='lat' dir='ltr'><strong>cogitandum.</strong></span> 
     </span>
    </p>
   </div>
   <div class='ocr_carea' id='block_1_5' title="bbox 1692 99 1704 776">
    <p class='ocr_par' dir='ltr' id='par_1_6' title="bbox 1692 99 1704 776">
     <span class='ocr_line' id='line_1_33' title="bbox 1692 99 1704 776; baseline 0 0"><span class='ocrx_word' id='word_1_220' title='bbox 1692 99 1704 776; x_wconf 95' lang='lat' dir='ltr'><strong> </strong></span> 
     </span>
    </p>
   </div>
   <div class='ocr_carea' id='block_1_6' title="bbox 1696 641 1711 1194">
    <p class='ocr_par' dir='ltr' id='par_1_7' title="bbox 1696 641 1711 1194">
     <span class='ocr_line' id='line_1_34' title="bbox 1696 641 1711 1194; baseline 0 1923"><span class='ocrx_word' id='word_1_221' title='bbox 1696 641 1711 1194; x_wconf 95' lang='lat' dir='ltr'><strong> </strong></span> 
     </span>
    </p>
   </div>
   <div class='ocr_carea' id='block_1_7' title="bbox 1708 1195 1715 1380">
    <p class='ocr_par' dir='ltr' id='par_1_8' title="bbox 1708 1195 1715 1422">
     <span class='ocr_line' id='line_1_35' title="bbox 1708 1195 1715 1380; baseline 0 0"><span class='ocrx_word' id='word_1_222' title='bbox 1708 1195 1715 1380; x_wconf 71' lang='grc'>1</span> 
     </span>
    </p>
   </div>
   <div class='ocr_carea' id='block_1_8' title="bbox 1712 1378 1715 1962">
    <p class='ocr_par' dir='ltr' id='par_1_9' title="bbox 1712 1378 1715 1962">
     <span class='ocr_line' id='line_1_36' title="bbox 1712 1378 1715 1962; baseline 0 0"><span class='ocrx_word' id='word_1_223' title='bbox 1712 1378 1715 1962; x_wconf 95' lang='lat' dir='ltr'><strong> </strong></span> 
     </span>
    </p>
   </div>
  </div>
 </body>
</html>
