1715 3117
178 213 242 258 72

321 334 655 397 „nequiitqae
686 341 889 378 senatus
920 331 1129 378 consulti
1163 331 1465 376 auctoritate
1499 344 1609 374 con-

326 415 438 461 silio
475 413 765 460 deterreri.“

183 494 491 557 Vocabulum
514 508 607 563 cti,
646 506 827 552 exoleto
861 504 942 550 illo
974 506 992 549 i
1022 503 1080 550 de
1110 519 1241 550 more
1276 520 1361 566 pro
1392 519 1448 549 eo
1480 500 1613 567 quod

183 588 400 636 volumus
430 587 574 634 verbo
613 585 826 632 Consulti
868 583 1071 649 positum
1101 601 1188 648 pro
1222 583 1389 645 copula
1424 593 1471 628 et
1506 599 1612 646 'per-

183 686 347 733 peram
376 666 551 730 accepit
575 664 803 710 librarius.
873 662 1057 709 Notum
1093 676 1173 722 est,
1203 662 1402 708 Senatus
1427 660 1611 706 decreta

183 746 249 793 sic
291 745 484 795 inscribi
533 744 686 790 solita:
749 743 836 803 „S.
882 741 932 787 C.
977 742 1036 788 A.
1069 763 1124 785 =
1152 741 1352 791 Senatus
1414 739 1615 787 consulti

185 826 485 873 auctoritas.“
579 821 724 878 Quod
760 821 806 867 h.
844 823 875 870 l.
914 821 1051 867 etiam
1086 835 1284 885 propter
1315 821 1472 886 ipsum
1510 838 1615 867 ora-

183 905 323 952 tionis
359 920 612 950 uumerum
649 901 954 966 probandum
995 914 1072 948 est.
1364 886 1369 891 .

311 996 529 1042 Verbum
562 997 809 1041 deterreri
847 995 983 1044 nullo
1023 992 1183 1040 addito
1220 994 1449 1041 vocabulo
1489 995 1614 1060 posi-

185 1090 286 1123 tum
317 1074 434 1122 mihi
461 1074 741 1122 iamdudum
774 1074 1039 1137 displicuit,
1071 1090 1173 1119 mea
1199 1091 1255 1120 ex
1284 1073 1614 1122 emendatione

185 1156 376 1203 accessit
402 1173 444 1202 v.
470 1156 688 1200 consilio.
769 1153 1002 1200 Omissam
1040 1154 1440 1218 praepositionem
1475 1169 1611 1201 tueor

184 1235 446 1282 Horatiano
476 1233 582 1279 illo:

329 1316 640 1376 „Silvestres
677 1313 934 1358 homines“
970 1342 1028 1348 --

327 1428 361 1455 ,‚
379 1393 628 1440 Caedibas
648 1389 690 1451 ἃ
712 1394 848 1438 vieta
873 1396 1026 1453 foede
1057 1394 1300 1438 deterruit
1327 1395 1614 1455 Orpheus.“

185 1485 363 1555 Eadem
404 1487 577 1533 ratione
623 1487 823 1534 verbum
869 1488 1077 1532 arcendi
1113 1505 1221 1532 eum
1263 1487 1365 1532 solo
1412 1488 1613 1536 ablativo
1670 1543 1675 1552 .

185 1567 318 1630 iungi
345 1568 478 1613 solet.

320 1662 394 1708 De
439 1677 556 1708 voce
599 1662 800 1707 consilio
843 1678 985 1725 quam
1024 1661 1111 1706 sub
1165 1661 1249 1707 illo
1303 1679 1422 1708 coss.
1469 1662 1611 1709 latere

186 1754 429 1806 putamus,
470 1757 709 1806 compares
754 1757 874 1804 quae
912 1758 1054 1803 supra
1100 1758 1199 1803 cap.
1221 1740 1371 1787 XXX
1414 1760 1439 1786 a
1479 1743 1614 1789 nobis

194 1821 316 1868 dicta
350 1833 468 1867 sunt.

302 1914 524 1978 Superest
546 1923 600 1958 ut
622 1910 678 1957 de
701 1908 869 1958 Orellii
895 1911 1096 1958 lectione
1128 1913 1288 1976 paucis
1311 1930 1612 1978 exponamus.

191 1992 281 2039 Cui
310 1992 503 2039 lectioni
532 1992 739 2056 quamvis
775 2010 860 2038 nos
893 1991 1012 2038 nihil
1045 1991 1321 2053 debeamus,
1363 2012 1509 2058 quum
1539 1994 1614 2042 his

193 2072 384 2119 demum
415 2070 596 2135 seriptis
629 2087 730 2117 eam
763 2071 1138 2134 cognoverimus,
1177 2086 1331 2118 tamen
1360 2072 1467 2120 ideo
1495 2074 1613 2120 mul-

190 2167 294 2199 tum
337 2150 614 2209 tribuimus,
668 2149 799 2214 quod
839 2167 991 2215 neque
1040 2151 1188 2215 Lipsii
1231 2152 1485 2216 splendore
1531 2155 1613 2200 ob-

189 2232 402 2279 strictum
435 2228 599 2292 prodit
628 2228 876 2290 Orellium,
913 2245 959 2276 et
993 2231 1034 2277 ei
1061 2250 1203 2296 quam
1238 2250 1322 2278 nos
1351 2232 1613 2281 invenimus

192 2329 333 2375 quam
360 2309 568 2373 proxime
591 2308 788 2356 accedit.
858 2310 964 2356 Mea
988 2324 1147 2358 autem
1185 2311 1448 2358 emendatio
1480 2310 1614 2360 Orel-

196 2390 348 2450 liana,
387 2386 438 2435 ni
463 2388 625 2456 sallon,
661 2388 844 2438 facilior
882 2403 959 2437 est.
