1715 3117
1403 214 1486 250 xm

85 325 288 374 codicem
327 340 381 370 eo
424 330 632 386 tempore
675 340 767 387 quo
811 322 1065 370 Rhenanus
1101 341 1268 371 novum
1314 333 1358 371 ct
1396 341 1486 372 me·

84 401 213 448 lioris
255 407 389 446 notae
428 398 597 445 librum
634 398 867 446 inventum
906 398 961 443 iri
1001 398 1258 461 desperavit
1295 399 1487 463 ideoque

85 475 144 523 ad
177 474 407 523 Velleium
448 473 674 521 edendum
719 492 769 521 se
807 474 1004 520 accinxit
1042 473 1363 520 Sclctstndium
1400 492 1491 521 non

86 569 187 599 esse
234 550 564 596 transmissum.
662 549 766 596 Nisi
830 549 948 595 forte
1003 549 1242 606 conficiam,
1293 567 1394 595 eum
1442 557 1493 597 ut

87 625 289 674 codicem
328 625 560 672 conferret
599 623 875 671 Selctstadio
920 623 1197 670 Murhacum
1237 625 1492 684 profectum

88 719 206 752 esse.
310 700 487 765 Munus
545 699 729 764 quidem
782 698 1016 762 publicum
1070 697 1243 744 nullum
1293 715 1492 760 unquam

41 767 48 775 ’
88 778 235 842 gessit
269 783 314 823 et
352 775 570 822 Zeltnero
610 782 797 822 auctorc
834 791 989 837 „opes
1030 775 1067 820 ei
1110 773 1340 836 speciosae
1379 773 1492 820 obti-

91 853 307 917 gerunt.“

201 953 387 1016 Quibus
427 956 716 1018 praemissis,
768 971 860 1000 non
898 955 997 1000 sine
1045 968 1179 997 causa
1222 949 1496 998 contendere

89 1025 199 1076 n‘nihi
256 1022 449 1089 videor7'
497 1028 773 1092 „exemplar
822 1028 935 1074 illud
994 1026 1050 1072 ab
1103 1026 1246 1073 amico
1301 1025 1498 1089 quodam

87 1105 304 1152 Rhenani
343 1105 624 1168 descriptum
641 1106 672 1133 ‘⁶
726 1103 977 1168 typothetis
1017 1101 1319 1148 Frobcnianis
1359 1100 1497 1146 tradi-

88 1188 187 1228 tum
225 1196 319 1225 non
359 1197 472 1226 esse.
523 1179 718 1226 'Verba
761 1187 913 1225 autem
959 1177 1038 1223 illa
1081 1194 1218 1238 supra
1257 1175 1394 1221 allata
1435 1176 1496 1222 ita

90 1263 202 1319 puto
254 1272 355 1301 esse
413 1252 783 1316 interpretanda,
846 1259 897 1298 ut
942 1250 1116 1298 adiecta
1156 1250 1232 1296 illa
1294 1267 1498 1313 „hrope-

90 1337 246 1376 ranter
302 1346 355 1375 ac
412 1328 659 1375 infeliciter
706 1327 1026 1391 descriptum“
1088 1343 1293 1372 caussam
1346 1326 1497 1387 potius

65 1395 378 1469 “significent‚
438 1421 528 1468 qua
586 1403 776 1462 ductus,
842 1402 1067 1461 codicem,
1123 1419 1257 1464 quem
1312 1401 1499 1446 minoris

91 1497 228 1545 quam
261 1496 311 1526 re
347 1496 455 1525 vera
496 1486 616 1525 essct
651 1479 788 1542 pretii
824 1477 1040 1536 haberet,
1079 1476 1324 1539 presserit,
1365 1483 1501 1538 atque

94 1554 378 1602 emendatius
431 1553 644 1602 Merulae
704 1552 937 1616 exemplar
986 1554 1273 1614 exspectarit.
1378 1549 1500 1595 Puto

93 1630 306 1694 equidem
344 1629 623 1676 Rhenanum
675 1628 850 1675 dicere:
897 1626 986 1674 sihi
1025 1626 1258 1690 exemplar
1292 1624 1404 1670 illud
1441 1623 1499 1670 ab

93 1706 239 1752 amico
291 1705 571 1769 descriptum
616 1705 678 1751 ita
729 1704 1029 1766 imposuisse,
1075 1707 1126 1747 ut
1168 1701 1370 1748 codicem
1410 1715 1502 1744 non

93 1782 248 1828 statim
290 1779 496 1826 ediderit.
581 1779 749 1843 Neque
799 1778 919 1825 enim
973 1777 1131 1836 video,
1179 1793 1314 1840 quem
1363 1774 1501 1819 alium

92 1856 139 1902 in
186 1855 325 1902 finem
375 1854 604 1901 addiderit
652 1872 723 1899 vv.
768 1860 1072 1918 properanter
1129 1869 1182 1898 ac
1231 1848 1503 1912 infeliciter:

96 1932 266 1995 quippe
306 1947 422 1994 quae
462 1929 577 1975 nihil
615 1930 836 1976 attineant
878 1928 936 1974 ad
976 1927 1206 1974 lectorem.

204 2037 296 2098 Re,
335 2046 386 2084 ut
408 2037 641 2101 putabam,
678 2055 824 2102 paene
863 2035 1074 2083 absoluta
1100 2051 1216 2081 nova
1258 2031 1391 2078 nobis
1422 2029 1501 2076 du·

94 2110 259 2159 bitatio
304 2111 466 2159 oborta
514 2120 584 2159 est
632 2112 702 2159 his
740 2113 927 2159 Rrausii
974 2109 1152 2158 verbis:
1205 2106 1502 2169 „Rhenanus

93 2188 174 2234 ubi
212 2205 238 2234 e
279 2189 434 2236 codice
471 2190 668 2252 inspecto
719 2190 886 2251 (quem
929 2187 1071 2250 igitur
1115 2184 1172 2229 ad
1211 2200 1392 2229 manum
1424 2179 1501 2226 ha-

95 2261 285 2323 bebass)
332 2262 548 2309 facillima
585 2270 630 2309 et
670 2263 910 2312 manisesta
951 2268 1046 2307 erat
1093 2259 1344 2315 correctio,
1397 2271 1499 2301 con-

97 2337 270 2384 iectura
296 2337 521 2397 medetur,
565 2354 708 2401 caque
746 2345 838 2384 tam
879 2336 1018 2395 felici,
1057 2342 1106 2380 ut
1145 2333 1312 2380 codicis
1352 2345 1502 2376 veram

258 2493 481 2534 inconsulto
517 2498 649 2533 omissa
687 2510 765 2533 esse
810 2499 856 2533 ab
896 2496 1159 2534 Amerbachio,
1207 2494 1274 2527 nisi
1308 2490 1501 2526 sentcntiae

255 2564 359 2587 meac
393 2555 498 2587 modo
533 2553 649 2587 dictae
682 2554 830 2587 accedas
858 2553 910 2586 ita
940 2553 1089 2586 sortasse
1123 2550 1287 2589 tuebere,
1322 2552 1358 2580 ut
1386 2545 1502 2588 capita

254 2607 321 2642 illa
344 2619 434 2652 quae
467 2608 503 2642 in
528 2608 760 2642 Amet-bachii
792 2607 910 2641 codice
946 2618 1014 2640 non
1052 2609 1193 2639 exstant
1227 2605 1260 2636 in
1299 2602 1372 2645 ipso
1405 2600 1500 2631 invo-

255 2663 366 2705 lucro,
397 2666 435 2696 ut
464 2663 505 2696 fit
533 2663 578 2705 in,
597 2653 683 2697 i'ctt.
718 2664 830 2704 codd„
856 2663 1128 2697 membranaceo
1155 2656 1354 2701 conscripta
1381 2655 1500 2688 Amer-

253 2716 376 2752 bflchii
400 2717 521 2749 oculos
553 2717 691 2757 suflgfssfln
721 2728 853 2748 annu-*³⁴³=
