1715 3117
210 201 274 249 36

211 328 314 374 laus
348 328 626 387 „incgytum
666 343 703 373 s.
745 327 942 372 unicum
983 343 1016 371 s.
1055 325 1296 371 invictam
1325 342 1434 388 par
1468 342 1637 373 consco-

211 409 354 453 lum“
391 404 631 471 quomodo
671 404 871 471 quadrat
913 422 1022 451 cum
1053 405 1227 452 ieiuma
1250 405 1346 452 'ista
1382 405 1636 471 reprehen-

211 487 376 534 sione:
436 488 520 549 qui
570 503 726 548 neque
776 483 903 532 cett?
975 483 1198 531 Inclitum
1252 503 1337 550 par
1383 487 1634 533 consulum

209 568 509 613 consulatum
540 582 694 630 neque
733 564 926 623 honeste
958 565 1119 628 petivit
1151 583 1305 630 neque
1343 584 1451 612 cum
1491 565 1632 612 laude

212 647 369 711 gessit!
465 646 599 702 Quae
654 645 691 692 si
746 647 801 691 ab
857 644 958 708 ipso
1010 644 1195 692 Velleio
1257 646 1467 710 profecta
1517 647 1633 707 sint,
1701 678 1707 682 -

212 745 374 776 nonne
413 726 519 775 fieri
548 726 679 774 vides
716 725 1026 772 Horatianum
1055 724 1204 772 illud:

422 851 488 859 ——
507 850 573 857 -—-
606 834 658 867 ut
691 820 889 885 turpiter
920 832 1072 865 atrum

340 901 519 948 desinat
548 900 597 946 in
637 900 814 965 piscem
850 900 1020 946 mulier
1056 900 1263 947 formosa
1292 900 1532 965 superne?

420 1008 641 1018 ---»-
676 994 729 1026 ut
758 997 844 1026 nec
886 996 964 1045 pes
1004 997 1092 1026 nec
1128 996 1270 1046 caput
1307 981 1391 1027 uni

334 1060 559 1109 reddatur
591 1062 783 1108 formae.

209 1167 341 1222 Quae
391 1185 539 1231 quum
590 1165 652 1213 ita
699 1165 791 1212 sint
831 1164 1087 1229 negarique
1130 1179 1391 1229 nequeant,
1441 1163 1631 1211 aliunde

207 1246 466 1312 petendum
519 1246 606 1292 erit
659 1245 897 1292 auxilium.
989 1243 1093 1291 Nec
1133 1244 1397 1309 displicebit
1441 1245 1634 1292 fortasse

205 1326 347 1388 haec,
379 1344 521 1391 quam
553 1325 842 1379 invenimus,
875 1323 1164 1370 emendatio:

348 1429 629 1485 „Alteram
653 1445 787 1489 pene
826 1429 1035 1488 imperio
1064 1435 1232 1471 nostro
1269 1443 1329 1471 ac
1358 1443 1444 1472 sao
1482 1444 1632 1488 quae-

346 1526 462 1554 rens
501 1508 691 1564 orbem,
733 1515 966 1555 virtute
990 1514 1242 1565 pariter
1267 1517 1328 1553 et
1360 1516 1632 1564 consilio,

357 1589 442 1635 Cn.
492 1589 786 1649 Pompeias,
834 1590 1049 1634 alteram
1102 1590 1258 1633 iniere
1306 1591 1631 1650 consulatum,

351 1669 437 1730 qai
465 1685 622 1729 neque
644 1670 838 1729 petitas
873 1660 1075 1713 honeste
1105 1668 1291 1728 ab‘t'is,
1325 1686 1484 1730 neque
1513 1687 1633 1731 pro-

352 1749 582 1794 habiliter
605 1748 778 1808 gestus
816 1750 934 1793 est.“
1554 1733 1564 1742 l

205 1850 273 1896 Ita
296 1850 470 1915 optime
498 1848 664 1895 Caesar
701 1866 844 1913 quem
869 1867 1078 1914 semper,
1110 1863 1162 1895 ut
1182 1866 1265 1912 par
1295 1863 1374 1909 est,
1412 1848 1631 1897 laudibus

208 1932 338 1976 effert
371 1930 586 1977 Velleius
618 1930 914 1993 componitur
949 1949 1060 1976 eum
1095 1929 1321 1993 Pompeio
1353 1928 1630 1994 Crassoque‚

207 2029 325 2076 quos
378 2029 526 2075 quum
577 2009 670 2055 hoc
711 2009 811 2073 ipso
847 2011 955 2056 loco
1004 2010 1189 2056 macula
1240 2023 1476 2073 aspergat,
1533 2009 1630 2056 aliis

207 2107 395 2156 quoque
438 2090 550 2136 loeis
592 2088 721 2135 haud
770 2107 874 2135 raro
917 2089 1079 2153 carpit.
1151 2089 1314 2155 Itaque
1349 2107 1632 2155 quamquam

207 2185 253 2217 et
297 2169 445 2217 codex
491 2169 922 2229 A111e1·bacliianus‚
980 2184 1024 2216 et
1070 2169 1209 2216 editio
1255 2169 1475 2235 princeps
1519 2187 1653 2216 con-¹

209 2253 370 2296 sulam
419 2248 632 2308 exhibet,
677 2262 830 2294 tamen
875 2248 951 2297 vix
997 2248 1196 2295 dubium
1233 2262 1322 2308 est,
1372 2248 1486 2312 quin
1525 2247 1571 2294 h.
1598 2249 1630 2297 l.

207 2329 256 2374 in
298 2346 352 2374 eo
397 2345 537 2392 quem
574 2327 789 2373 librarius
834 2327 990 2373 Murb.
1038 2326 1328 2391 transcripsit
1372 2326 1477 2374 cod.
1519 2328 1631 2375 scri-

206 2421 341 2472 ptum
371 2408 528 2454 fuerit:
576 2414 798 2464 „con.s·.“
894 2406 971 2453 Sic
1008 2407 1201 2453 Burerio
1233 2421 1277 2453 et
1314 2406 1631 2455 Amerbachio

207 2488 398 2535 testibus
451 2506 566 2551 μθ.
594 2505 733 2535 versu
761 2489 814 2534 15
844 2487 1031 2550 legitur:
1066 2487 1286 2551 fabioque
1326 2486 1460 2533 decio
1491 2491 1628 2535 mure

210 2581 375 2632 quarto
421 2566 615 2627 CON83
671 2567 736 2613 sic
783 2565 954 2612 eodem
992 2565 1188 2613 Burei·io
1234 2580 1423 2614 auctore
1464 2566 1513 2612 in
1553 2584 1629 2614 ve-

206 2660 361 2693 terum
396 2645 636 2692 codicibus
670 2646 906 2711 plerisque
944 2646 1084 2693 scribi
1113 2645 1314 2693 solitum.
1385 2645 1528 2692 Unde
1562 2646 1628 2693 fa-

206 2726 380 2772 cillime
411 2725 670 2789 colligitur,
707 2724 951 2791 quomodo
990 2743 1044 2773 ex
1074 2742 1190 2775 voce
1223 2743 1349 2772 cons.
1381 2742 1628 2791 perperam
