1715 3117
182 202 274 248 100

325 331 447 391 „Ita
486 328 727 390 placebat
775 328 1006 375 barbaris
1058 346 1290 376 numerus
1331 348 1472 386 suus,
1532 332 1606 376 ita

306 411 506 470 fiducia
533 410 717 456 virium
748 411 843 455 tati
871 419 1032 469 erant,
1071 417 1142 469 ut,
1176 410 1449 473 ubicunque
1481 411 1605 457 Cae-

321 507 409 536 sccr
445 496 573 535 esset
607 489 737 534 nilzil
770 489 822 534 in
856 507 908 533 se
942 491 1284 552 reponerent.“

176 569 345 637 Neque
375 574 663 634 magnopere
693 567 999 629 invehamini‚
1043 585 1232 634 quaeso,
1266 569 1315 615 in
1347 568 1609 628 librarium,

174 650 221 697 h.
249 651 280 697 l.
313 649 669 714 propemodum
707 648 959 695 excusabili
997 665 1162 695 errore
1197 649 1398 713 lapsum.
1471 647 1605 704 Quid

174 729 299 777 enim
346 728 405 775 ad
454 727 851 776 confundendum
901 727 1083 774 facilius
1130 727 1281 775 verbis
1326 727 1477 775 hisce:
1543 727 1606 774 ita

173 809 345 856 fiducia
418 808 1026 872 viritutieaiitutubicunque
1046 806 1070 854 ἶ)
1123 836 1190 844 -
1273 806 1432 853 Verba
1510 808 1606 853 tuti

173 899 321 937 erant
370 888 537 935 omissa
586 887 718 934 facile
764 886 1144 934 condonabimus
1185 887 1456 934 dormitanti
1504 904 1605 933 mo-

169 969 338 1018 nacho.
420 967 489 1014 Ita
529 967 742 1030 expletur
783 966 1048 1026 sententia,
1098 967 1175 1012 cui
1213 983 1500 1013 sarcasmum
1532 966 1604 1012 in-

171 1066 294 1109 esse,
323 1046 549 1113 quiequid
580 1046 705 1093 dicat
733 1045 1075 1101 Ruhnkenius,
1109 1045 1363 1093 rectissime
1396 1045 1604 1093 coniecit.

171 1130 483 1177 Burmannus.
553 1126 676 1173 Mihi
708 1126 835 1172 enim
873 1125 992 1172 nihil
1026 1126 1264 1186 acerbius,
1300 1125 1417 1172 nihil
1454 1125 1602 1190 magis

167 1208 349 1256 ironice
379 1206 471 1253 dici
500 1205 706 1270 potuisse
731 1203 935 1264 videtur,
969 1222 1114 1269 quam
1148 1206 1368 1253 barbaros
1399 1206 1484 1266 ita,
1512 1206 1541 1254 i.
1559 1223 1598 1254 e.

169 1299 415 1353 tantopere
449 1302 650 1333 numero
685 1302 771 1332 suo
803 1285 1008 1331 confisos
1038 1302 1159 1345 esse,
1191 1299 1245 1332 ut
1270 1315 1420 1323 --—
1452 1303 1601 1351 quum

169 1370 382 1435 primum
412 1366 619 1414 Caesaris
644 1366 692 1412 in
735 1377 1044 1430 conspectum
1078 1365 1319 1427 venerint,
1357 1366 1489 1430 signa
1521 1363 1601 1412 de-

171 1447 467 1514 reliquerint.

303 1526 460 1582 Quam
511 1525 791 1573 sententiam
852 1524 1074 1590 equidem
1118 1523 1250 1571 hunc
1305 1524 1353 1570 in
1399 1523 1599 1572 modum

169 1607 425 1656 vernacule
460 1605 773 1653 reddiderim:

311 1689 427 1744 „'So
480 1687 597 1733 sehr
652 1686 808 1748 gefiel
852 1687 1004 1732 ilmen
1065 1687 1174 1732 ihre
1225 1686 1425 1741 Masse,
1489 1685 1599 1729 ihre

311 1767 605 1821 Mehrzalzl,
642 1783 697 1812 so
723 1767 888 1811 sicher
918 1783 1094 1812 waren
1116 1766 1189 1811 sie
1219 1766 1288 1811 im
1316 1765 1373 1810 V
1364 1772 1601 1809 ertrauen

311 1849 419 1907 auf
454 1848 564 1892 ihre
609 1846 831 1906 Krc'zfte‚
883 1842 996 1909 dass
1042 1847 1114 1892 sie
1161 1873 1218 1881 -—
1261 1845 1477 1898 scherall,
1520 1860 1599 1888 wo

318 1927 510 1972 Caesar
554 1918 800 1981 erachien,
847 1922 947 1987 aas
967 1924 1075 1970 siclz
1119 1924 1268 1970 selbst
1298 1941 1401 1985 gar
1436 1923 1598 1968 nichts

312 2006 455 2052 melzr
481 2005 698 2067 gaben.“

169 2093 332 2142 Nolim
359 2092 582 2159 equidem
621 2083 865 2149 ἀντίθεσιν
903 2091 1114 2157 quamvis
1136 2089 1430 2137 Velleianam
1465 2103 1596 2138 tanto

169 2188 341 2240 quanto
365 2173 574 2221 Orellius
601 2186 772 2233 censet,
807 2173 960 2237 pretio
985 2189 1154 2232 emere,
1185 2171 1360 2235 quippe
1385 2170 1465 2235 qui
1493 2181 1597 2234 post

167 2273 209 2302 v.
243 2263 372 2302 esset
405 2254 598 2302 inserat:
648 2256 701 2300 in
731 2271 787 2299 eo
824 2255 1022 2313 omnia,
1053 2252 1137 2298 abi
1171 2260 1308 2298 esset.
