<?xml version="1.0" encoding="UTF-8"?>
<!DOCTYPE html PUBLIC "-//W3C//DTD XHTML 1.0 Transitional//EN"
    "http://www.w3.org/TR/xhtml1/DTD/xhtml1-transitional.dtd">
<html xmlns="http://www.w3.org/1999/xhtml" xml:lang="en" lang="en">
 <head>
  <title>
</title>
<meta http-equiv="Content-Type" content="text/html;charset=utf-8" />
  <meta name='ocr-system' content='tesseract 3.04.00' />
  <meta name='ocr-capabilities' content='ocr_page ocr_carea ocr_par ocr_line ocrx_word'/>
</head>
<body>
  <div class='ocr_page' id='page_1' title='image "./locivelleianiine00lauruoft_0160.png"; bbox 0 0 1715 3117; ppageno 0'>
   <div class='ocr_carea' id='block_1_1' title="bbox 204 200 1012 389">
    <p class='ocr_par' dir='ltr' id='par_1_1' title="bbox 204 200 1012 389">
     <span class='ocr_line' id='line_1_1' title="bbox 204 200 296 246; baseline 0.011 -1"><span class='ocrx_word' id='word_1_1' title='bbox 204 200 296 246; x_wconf 85' lang='lat'>132</span> 
     </span>
     <span class='ocr_line' id='line_1_2' title="bbox 830 324 1012 389; baseline -0.011 -16"><span class='ocrx_word' id='word_1_2' title='bbox 830 324 939 389; x_wconf 79' lang='lat' dir='ltr'>Pag.</span> <span class='ocrx_word' id='word_1_3' title='bbox 970 333 1012 376; x_wconf 88' lang='lat'>9.</span> 
     </span>
    </p>
   </div>
   <div class='ocr_carea' id='block_1_2' title="bbox 205 402 1640 552">
    <p class='ocr_par' dir='ltr' id='par_1_2' title="bbox 205 402 1640 552">
     <span class='ocr_line' id='line_1_3' title="bbox 336 402 1637 469; baseline -0.005 -15"><span class='ocrx_word' id='word_1_4' title='bbox 336 407 385 466; x_wconf 85' lang='lat' dir='ltr'>I,</span> <span class='ocrx_word' id='word_1_5' title='bbox 409 425 453 469; x_wconf 86' lang='lat'>9.</span> <span class='ocrx_word' id='word_1_6' title='bbox 480 409 524 453; x_wconf 89' lang='grc'>6.</span> <span class='ocrx_word' id='word_1_7' title='bbox 563 407 825 452; x_wconf 75' lang='lat' dir='ltr'>contulerit</span> <span class='ocrx_word' id='word_1_8' title='bbox 862 407 942 452; x_wconf 70' lang='lat' dir='ltr'>his</span> <span class='ocrx_word' id='word_1_9' title='bbox 979 414 1028 451; x_wconf 83' lang='lat' dir='ltr'>et</span> <span class='ocrx_word' id='word_1_10' title='bbox 1066 413 1197 451; x_wconf 81' lang='lat' dir='ltr'>ante.</span> <span class='ocrx_word' id='word_1_11' title='bbox 1265 402 1424 458; x_wconf 83' lang='lat' dir='ltr'>Verba</span> <span class='ocrx_word' id='word_1_12' title='bbox 1462 403 1637 464; x_wconf 84' lang='lat' dir='ltr'>„cuius</span> 
     </span>
     <span class='ocr_line' id='line_1_4' title="bbox 205 483 1640 552; baseline -0.003 -18"><span class='ocrx_word' id='word_1_13' title='bbox 205 499 386 535; x_wconf 80' lang='lat' dir='ltr'>tantum</span> <span class='ocrx_word' id='word_1_14' title='bbox 429 488 612 552; x_wconf 80' lang='lat' dir='ltr'>priores</span> <span class='ocrx_word' id='word_1_15' title='bbox 656 486 890 533; x_wconf 76' lang='lat' dir='ltr'>excessit“</span> <span class='ocrx_word' id='word_1_16' title='bbox 936 502 1040 533; x_wconf 89' lang='lat' dir='ltr'>mea</span> <span class='ocrx_word' id='word_1_17' title='bbox 1081 483 1307 550; x_wconf 80' lang='lat' dir='ltr'>opinione</span> <span class='ocrx_word' id='word_1_18' title='bbox 1357 483 1640 547; x_wconf 81' lang='lat' dir='ltr'>significant,</span> 
     </span>
    </p>
   </div>
   <div class='ocr_carea' id='block_1_3' title="bbox 206 563 1697 713">
    <p class='ocr_par' dir='ltr' id='par_1_3' title="bbox 206 563 1697 713">
     <span class='ocr_line' id='line_1_5' title="bbox 206 563 1697 633; baseline -0.001 -20"><span class='ocrx_word' id='word_1_19' title='bbox 206 586 231 613; x_wconf 82' lang='lat' dir='ltr'>a</span> <span class='ocrx_word' id='word_1_20' title='bbox 251 567 388 614; x_wconf 83' lang='lat' dir='ltr'>Pauli</span> <span class='ocrx_word' id='word_1_21' title='bbox 414 567 654 632; x_wconf 75' lang='lat' dir='ltr'>triumpho</span> <span class='ocrx_word' id='word_1_22' title='bbox 685 567 866 633; x_wconf 78' lang='lat' dir='ltr'>prior-es</span> <span class='ocrx_word' id='word_1_23' title='bbox 901 567 927 613; x_wconf 87' lang='lat' dir='ltr'>i.</span> <span class='ocrx_word' id='word_1_24' title='bbox 959 584 997 614; x_wconf 87' lang='lat' dir='ltr'>e.</span> <span class='ocrx_word' id='word_1_25' title='bbox 1035 565 1181 613; x_wconf 91' lang='lat' dir='ltr'>modo</span> <span class='ocrx_word' id='word_1_26' title='bbox 1205 564 1470 612; x_wconf 80' lang='lat' dir='ltr'>nominatos</span> <span class='ocrx_word' id='word_1_27' title='bbox 1495 563 1645 610; x_wconf 83' lang='lat' dir='ltr'>Anitii</span> <span class='ocrx_word' id='word_1_28' title='bbox 1694 611 1697 613; x_wconf 83' lang='grc'>,</span> 
     </span>
     <span class='ocr_line' id='line_1_6' title="bbox 207 645 1641 713; baseline -0.004 -17"><span class='ocrx_word' id='word_1_29' title='bbox 207 647 468 713; x_wconf 84' lang='lat' dir='ltr'>Octavique</span> <span class='ocrx_word' id='word_1_30' title='bbox 504 647 771 712; x_wconf 78' lang='lat' dir='ltr'>triumphos</span> <span class='ocrx_word' id='word_1_31' title='bbox 807 660 987 693; x_wconf 79' lang='lat' dir='ltr'>tantum</span> <span class='ocrx_word' id='word_1_32' title='bbox 1027 645 1217 693; x_wconf 85' lang='lat' dir='ltr'>relictos</span> <span class='ocrx_word' id='word_1_33' title='bbox 1249 661 1344 691; x_wconf 85' lang='lat' dir='ltr'>esse</span> <span class='ocrx_word' id='word_1_34' title='bbox 1377 647 1641 709; x_wconf 78' lang='lat' dir='ltr'>superatos·</span> 
     </span>
    </p>
   </div>
   <div class='ocr_carea' id='block_1_4' title="bbox 205 724 1642 872">
    <p class='ocr_par' dir='ltr' id='par_1_4' title="bbox 205 724 1642 872">
     <span class='ocr_line' id='line_1_7' title="bbox 206 724 1641 793; baseline -0.003 -18"><span class='ocrx_word' id='word_1_35' title='bbox 206 746 325 793; x_wconf 82' lang='lat' dir='ltr'>que,</span> <span class='ocrx_word' id='word_1_36' title='bbox 362 741 416 774; x_wconf 86' lang='lat' dir='ltr'>ut</span> <span class='ocrx_word' id='word_1_37' title='bbox 450 757 507 764; x_wconf 82' lang='lat'>-—</span> <span class='ocrx_word' id='word_1_38' title='bbox 550 727 764 774; x_wconf 85' lang='lat' dir='ltr'>omnium</span> <span class='ocrx_word' id='word_1_39' title='bbox 794 728 850 773; x_wconf 87' lang='lat' dir='ltr'>ab</span> <span class='ocrx_word' id='word_1_40' title='bbox 882 726 1101 773; x_wconf 83' lang='lat' dir='ltr'>omnibus</span> <span class='ocrx_word' id='word_1_41' title='bbox 1132 738 1237 772; x_wconf 80' lang='lat' dir='ltr'>aute</span> <span class='ocrx_word' id='word_1_42' title='bbox 1270 724 1641 789; x_wconf 66' lang='lat' dir='ltr'>Imperator-ibus</span> 
     </span>
     <span class='ocr_line' id='line_1_8' title="bbox 205 802 1642 872; baseline -0.005 -17"><span class='ocrx_word' id='word_1_43' title='bbox 205 804 420 857; x_wconf 63' lang='lat' dir='ltr'>actorljr&#39;n</span> <span class='ocrx_word' id='word_1_44' title='bbox 470 807 824 872; x_wconf 82' lang='lat' dir='ltr'>triumphorum</span> <span class='ocrx_word' id='word_1_45' title='bbox 875 806 1285 870; x_wconf 81' lang='lat' dir='ltr'>comparationem</span> <span class='ocrx_word' id='word_1_46' title='bbox 1330 802 1642 868; x_wconf 80' lang='lat' dir='ltr'>amplitudine</span> 
     </span>
    </p>
   </div>
   <div class='ocr_carea' id='block_1_5' title="bbox 152 883 1715 1346">
    <p class='ocr_par' dir='ltr' id='par_1_5' title="bbox 152 883 1715 1346">
     <span class='ocr_line' id='line_1_9' title="bbox 152 883 1703 951; baseline -0.005 -15"><span class='ocrx_word' id='word_1_47' title='bbox 152 900 158 903; x_wconf 84' lang='grc'><strong>’</strong></span> <span class='ocrx_word' id='word_1_48' title='bbox 204 889 378 937; x_wconf 84' lang='lat' dir='ltr'>vicerit.</span> <span class='ocrx_word' id='word_1_49' title='bbox 448 888 683 934; x_wconf 84' lang='lat' dir='ltr'>Partieula</span> <span class='ocrx_word' id='word_1_50' title='bbox 715 897 763 932; x_wconf 78' lang='lat' dir='ltr'>et</span> <span class='ocrx_word' id='word_1_51' title='bbox 791 888 841 933; x_wconf 88' lang='lat' dir='ltr'>in</span> <span class='ocrx_word' id='word_1_52' title='bbox 876 905 969 949; x_wconf 78' lang='lat' dir='ltr'>que</span> <span class='ocrx_word' id='word_1_53' title='bbox 999 901 1174 951; x_wconf 80' lang='lat' dir='ltr'>mutata</span> <span class='ocrx_word' id='word_1_54' title='bbox 1206 899 1287 932; x_wconf 87' lang='lat' dir='ltr'>aut</span> <span class='ocrx_word' id='word_1_55' title='bbox 1319 885 1473 950; x_wconf 82' lang='lat' dir='ltr'>potius</span> <span class='ocrx_word' id='word_1_56' title='bbox 1504 883 1640 948; x_wconf 81' lang='lat' dir='ltr'>signo</span> <span class='ocrx_word' id='word_1_57' title='bbox 1701 919 1703 924; x_wconf 69' lang='lat'>,</span> 
     </span>
     <span class='ocr_line' id='line_1_10' title="bbox 206 960 1703 1031; baseline -0.003 -17"><span class='ocrx_word' id='word_1_58' title='bbox 206 978 254 1014; x_wconf 78' lang='lat' dir='ltr'>et</span> <span class='ocrx_word' id='word_1_59' title='bbox 296 967 431 1014; x_wconf 75' lang='lat' dir='ltr'>aliter</span> <span class='ocrx_word' id='word_1_60' title='bbox 465 967 589 1013; x_wconf 78' lang='lat' dir='ltr'>lecto</span> <span class='ocrx_word' id='word_1_61' title='bbox 636 965 797 1031; x_wconf 80' lang='lat' dir='ltr'>prodit</span> <span class='ocrx_word' id='word_1_62' title='bbox 845 965 983 1012; x_wconf 82' lang='lat' dir='ltr'>lectio</span> <span class='ocrx_word' id='word_1_63' title='bbox 1030 965 1177 1012; x_wconf 83' lang='lat' dir='ltr'>haec:</span> <span class='ocrx_word' id='word_1_64' title='bbox 1227 964 1415 1024; x_wconf 84' lang='lat' dir='ltr'>„Cuius</span> <span class='ocrx_word' id='word_1_65' title='bbox 1457 977 1642 1010; x_wconf 81' lang='lat' dir='ltr'><strong>tantum</strong></span> <span class='ocrx_word' id='word_1_66' title='bbox 1695 960 1703 996; x_wconf 84' lang='grc'>’-</span> 
     </span>
     <span class='ocr_line' id='line_1_11' title="bbox 203 1043 1708 1113; baseline -0.003 -19"><span class='ocrx_word' id='word_1_67' title='bbox 203 1048 384 1113; x_wconf 79' lang='lat' dir='ltr'>priores</span> <span class='ocrx_word' id='word_1_68' title='bbox 432 1047 626 1094; x_wconf 82' lang='lat' dir='ltr'><strong>excessit</strong></span> <span class='ocrx_word' id='word_1_69' title='bbox 675 1047 750 1094; x_wconf 85' lang='lat' dir='ltr'>vel</span> <span class='ocrx_word' id='word_1_70' title='bbox 799 1044 1131 1109; x_wconf 79' lang='lat' dir='ltr'>magnitudine</span> <span class='ocrx_word' id='word_1_71' title='bbox 1175 1073 1240 1080; x_wconf 90' lang='lat'>-—</span> <span class='ocrx_word' id='word_1_72' title='bbox 1291 1043 1546 1109; x_wconf 85' lang='lat' dir='ltr'>pecuniae,</span> <span class='ocrx_word' id='word_1_73' title='bbox 1592 1056 1646 1090; x_wconf 84' lang='lat' dir='ltr'>ut</span> <span class='ocrx_word' id='word_1_74' title='bbox 1697 1078 1708 1105; x_wconf 49' lang='lat'>¹.</span> 
     </span>
     <span class='ocr_line' id='line_1_12' title="bbox 202 1108 1715 1191; baseline -0.003 -17"><span class='ocrx_word' id='word_1_75' title='bbox 202 1127 272 1174; x_wconf 86' lang='lat' dir='ltr'>bis</span> <span class='ocrx_word' id='word_1_76' title='bbox 293 1156 360 1164; x_wconf 91' lang='lat'>·—</span> <span class='ocrx_word' id='word_1_77' title='bbox 383 1126 656 1186; x_wconf 65' lang='lat' dir='ltr'>contulerit,</span> <span class='ocrx_word' id='word_1_78' title='bbox 694 1125 861 1191; x_wconf 79' lang='lat' dir='ltr'>hisque</span> <span class='ocrx_word' id='word_1_79' title='bbox 890 1125 1105 1172; x_wconf 86' lang='lat' dir='ltr'>omnium</span> <span class='ocrx_word' id='word_1_80' title='bbox 1140 1138 1244 1187; x_wconf 64' lang='lat' dir='ltr'>ante</span> <span class='ocrx_word' id='word_1_81' title='bbox 1277 1138 1492 1171; x_wconf 75' lang='lat' dir='ltr'>actorum</span> <span class='ocrx_word' id='word_1_82' title='bbox 1515 1140 1644 1171; x_wconf 86' lang='lat' dir='ltr'>com·</span> <span class='ocrx_word' id='word_1_83' title='bbox 1704 1108 1715 1132; x_wconf 29' lang='grc' dir='ltr'>ἲ</span> 
     </span>
     <span class='ocr_line' id='line_1_13' title="bbox 204 1204 1707 1273; baseline -0.004 -18"><span class='ocrx_word' id='word_1_84' title='bbox 204 1208 499 1273; x_wconf 83' lang='lat' dir='ltr'>parationem</span> <span class='ocrx_word' id='word_1_85' title='bbox 540 1204 852 1270; x_wconf 81' lang='lat' dir='ltr'>amplitudine</span> <span class='ocrx_word' id='word_1_86' title='bbox 889 1206 1098 1254; x_wconf 82' lang='lat' dir='ltr'>vicerit.“</span> <span class='ocrx_word' id='word_1_87' title='bbox 1191 1206 1370 1253; x_wconf 83' lang='lat' dir='ltr'>Vocab.</span> <span class='ocrx_word' id='word_1_88' title='bbox 1425 1207 1645 1250; x_wconf 73' lang='lat' dir='ltr'>omnium</span> <span class='ocrx_word' id='word_1_89' title='bbox 1704 1260 1707 1262; x_wconf 15' lang='lat' dir='ltr'>v</span> 
     </span>
     <span class='ocr_line' id='line_1_14' title="bbox 205 1274 1713 1346; baseline -0.003 -11"><span class='ocrx_word' id='word_1_90' title='bbox 205 1285 514 1337; x_wconf 80' lang='lat' dir='ltr'>Amerbachii</span> <span class='ocrx_word' id='word_1_91' title='bbox 571 1285 753 1332; x_wconf 82' lang='lat' dir='ltr'>incuria</span> <span class='ocrx_word' id='word_1_92' title='bbox 818 1286 1067 1346; x_wconf 84' lang='lat' dir='ltr'>omissum,</span> <span class='ocrx_word' id='word_1_93' title='bbox 1140 1303 1238 1333; x_wconf 88' lang='lat' dir='ltr'>non</span> <span class='ocrx_word' id='word_1_94' title='bbox 1295 1288 1350 1333; x_wconf 86' lang='lat' dir='ltr'>ab</span> <span class='ocrx_word' id='word_1_95' title='bbox 1412 1274 1645 1332; x_wconf 65' lang='lat' dir='ltr'>Rhefiano</span> <span class='ocrx_word' id='word_1_96' title='bbox 1708 1322 1713 1341; x_wconf 26' lang='grc' dir='ltr'><strong><em>ζ</em></strong></span> 
     </span>
    </p>
   </div>
   <div class='ocr_carea' id='block_1_6' title="bbox 1673 0 1715 1324">
    <p class='ocr_par' dir='ltr' id='par_1_6' title="bbox 1673 0 1715 1324">
     <span class='ocr_line' id='line_1_15' title="bbox 1673 0 1715 1324; baseline 0 0"><span class='ocrx_word' id='word_1_97' title='bbox 1673 0 1715 1324; x_wconf 95' lang='lat' dir='ltr'> </span> 
     </span>
    </p>
   </div>
   <div class='ocr_carea' id='block_1_7' title="bbox 206 1360 1711 1431">
    <p class='ocr_par' dir='ltr' id='par_1_7' title="bbox 206 1360 1711 1431">
     <span class='ocr_line' id='line_1_16' title="bbox 206 1360 1711 1431; baseline -0.001 -17"><span class='ocrx_word' id='word_1_98' title='bbox 206 1382 383 1414; x_wconf 82' lang='lat' dir='ltr'>temere</span> <span class='ocrx_word' id='word_1_99' title='bbox 428 1367 654 1411; x_wconf 81' lang='lat' dir='ltr'>insertum</span> <span class='ocrx_word' id='word_1_100' title='bbox 698 1367 916 1429; x_wconf 81' lang='lat' dir='ltr'>putarim.</span> <span class='ocrx_word' id='word_1_101' title='bbox 1013 1366 1295 1413; x_wconf 79' lang='lat' dir='ltr'>Discernant</span> <span class='ocrx_word' id='word_1_102' title='bbox 1345 1383 1486 1430; x_wconf 84' lang='lat' dir='ltr'>penes</span> <span class='ocrx_word' id='word_1_103' title='bbox 1528 1379 1647 1431; x_wconf 89' lang='lat' dir='ltr'>quos</span> <span class='ocrx_word' id='word_1_104' title='bbox 1708 1360 1711 1373; x_wconf 49' lang='lat'><strong>¹</strong></span> 
     </span>
    </p>
   </div>
   <div class='ocr_carea' id='block_1_8' title="bbox 205 1443 1645 1588">
    <p class='ocr_par' dir='ltr' id='par_1_8' title="bbox 205 1443 1645 1588">
     <span class='ocr_line' id='line_1_17' title="bbox 205 1443 1645 1510; baseline -0.001 -17"><span class='ocrx_word' id='word_1_105' title='bbox 205 1447 376 1493; x_wconf 88' lang='lat' dir='ltr'>harum</span> <span class='ocrx_word' id='word_1_106' title='bbox 409 1462 568 1492; x_wconf 87' lang='lat' dir='ltr'>rerum</span> <span class='ocrx_word' id='word_1_107' title='bbox 594 1443 826 1491; x_wconf 76' lang='lat' dir='ltr'><strong>iudicium</strong></span> <span class='ocrx_word' id='word_1_108' title='bbox 867 1459 934 1491; x_wconf 83' lang='lat' dir='ltr'>est</span> <span class='ocrx_word' id='word_1_109' title='bbox 972 1446 1215 1510; x_wconf 82' lang='lat' dir='ltr'>placeatne</span> <span class='ocrx_word' id='word_1_110' title='bbox 1247 1462 1367 1510; x_wconf 85' lang='lat' dir='ltr'>quae</span> <span class='ocrx_word' id='word_1_111' title='bbox 1399 1444 1645 1492; x_wconf 75' lang='lat' dir='ltr'>Orellifflna</span> 
     </span>
     <span class='ocr_line' id='line_1_18' title="bbox 209 1523 880 1588; baseline -0.006 -15"><span class='ocrx_word' id='word_1_112' title='bbox 209 1525 410 1573; x_wconf 75' lang='lat' dir='ltr'>lectione</span> <span class='ocrx_word' id='word_1_113' title='bbox 448 1523 606 1588; x_wconf 75' lang='lat' dir='ltr'>prodit</span> <span class='ocrx_word' id='word_1_114' title='bbox 641 1524 880 1571; x_wconf 80' lang='lat' dir='ltr'>sententia.</span> 
     </span>
    </p>
   </div>
   <div class='ocr_carea' id='block_1_9' title="bbox 213 1619 1647 1849">
    <p class='ocr_par' dir='ltr' id='par_1_9' title="bbox 213 1619 1647 1849">
     <span class='ocr_line' id='line_1_19' title="bbox 822 1619 1034 1684; baseline 0.005 -18"><span class='ocrx_word' id='word_1_115' title='bbox 822 1619 932 1684; x_wconf 84' lang='lat' dir='ltr'>Pag.</span> <span class='ocrx_word' id='word_1_116' title='bbox 966 1629 1034 1670; x_wconf 86' lang='lat'>11.</span> 
     </span>
     <span class='ocr_line' id='line_1_20' title="bbox 342 1700 1647 1765; baseline -0.002 -13"><span class='ocrx_word' id='word_1_117' title='bbox 342 1704 381 1765; x_wconf 91' lang='grc' dir='ltr'>Ι,</span> <span class='ocrx_word' id='word_1_118' title='bbox 416 1721 485 1751; x_wconf 87' lang='lat'>11.</span> <span class='ocrx_word' id='word_1_119' title='bbox 518 1703 560 1748; x_wconf 87' lang='lat'>6.</span> <span class='ocrx_word' id='word_1_120' title='bbox 603 1700 1051 1765; x_wconf 76' lang='lat' dir='ltr'>extenuatamque]</span> <span class='ocrx_word' id='word_1_121' title='bbox 1107 1700 1275 1746; x_wconf 82' lang='lat' dir='ltr'>Malim</span> <span class='ocrx_word' id='word_1_122' title='bbox 1319 1710 1647 1749; x_wconf 79' lang='lat' dir='ltr'>extentatum&#39;-</span> 
     </span>
     <span class='ocr_line' id='line_1_21' title="bbox 213 1790 907 1849; baseline -0.007 -16"><span class='ocrx_word' id='word_1_123' title='bbox 213 1804 330 1849; x_wconf 82' lang='lat' dir='ltr'>que,</span> <span class='ocrx_word' id='word_1_124' title='bbox 376 1799 520 1849; x_wconf 83' lang='lat' dir='ltr'>quam</span> <span class='ocrx_word' id='word_1_125' title='bbox 547 1790 907 1844; x_wconf 78' lang='lat' dir='ltr'>extentumque.</span> 
     </span>
    </p>
   </div>
   <div class='ocr_carea' id='block_1_10' title="bbox 347 1875 1650 2192">
    <p class='ocr_par' dir='ltr' id='par_1_10' title="bbox 347 1875 1650 2192">
     <span class='ocr_line' id='line_1_22' title="bbox 826 1875 1037 1925; baseline 0.019 -4"><span class='ocrx_word' id='word_1_126' title='bbox 826 1875 890 1921; x_wconf 84' lang='lat' dir='ltr'>Pa</span> <span class='ocrx_word' id='word_1_127' title='bbox 926 1912 936 1922; x_wconf 89' lang='lat'>.</span> <span class='ocrx_word' id='word_1_128' title='bbox 967 1883 1037 1925; x_wconf 82' lang='lat'>12.</span> 
     </span>
     <span class='ocr_line' id='line_1_23' title="bbox 347 1895 1532 2020; baseline -0.002 -16"><span class='ocrx_word' id='word_1_129' title='bbox 347 1957 384 2018; x_wconf 91' lang='grc' dir='ltr'>Ι,</span> <span class='ocrx_word' id='word_1_130' title='bbox 416 1973 484 2004; x_wconf 92' lang='lat'>11.</span> <span class='ocrx_word' id='word_1_131' title='bbox 512 1974 553 2018; x_wconf 89' lang='lat'>7.</span> <span class='ocrx_word' id='word_1_132' title='bbox 588 1965 825 2018; x_wconf 75' lang='lat' dir='ltr'>quattuor</span> <span class='ocrx_word' id='word_1_133' title='bbox 840 1895 979 2020; x_wconf 78' lang='lat' dir='ltr'><em>fllgii]</em></span> <span class='ocrx_word' id='word_1_134' title='bbox 1026 1955 1139 2018; x_wconf 83' lang='lat' dir='ltr'>Leg.</span> <span class='ocrx_word' id='word_1_135' title='bbox 1178 1963 1417 2017; x_wconf 78' lang='lat' dir='ltr'>quattuor</span> <span class='ocrx_word' id='word_1_136' title='bbox 1446 1957 1532 2003; x_wconf 79' lang='lat' dir='ltr'><em>illi.</em></span> 
     </span>
     <span class='ocr_line' id='line_1_24' title="bbox 778 2048 1198 2099; baseline 0 -4"><span class='ocrx_word' id='word_1_137' title='bbox 778 2048 828 2096; x_wconf 91' lang='lat' dir='ltr'>P.</span> <span class='ocrx_word' id='word_1_138' title='bbox 847 2057 914 2099; x_wconf 86' lang='lat'>13.</span> <span class='ocrx_word' id='word_1_139' title='bbox 949 2067 991 2096; x_wconf 93' lang='lat' dir='ltr'>v.</span> <span class='ocrx_word' id='word_1_140' title='bbox 1015 2055 1084 2098; x_wconf 78' lang='lat'>14.</span> <span class='ocrx_word' id='word_1_141' title='bbox 1195 2049 1198 2051; x_wconf 60' lang='grc'><strong><em>’</em></strong></span> 
     </span>
     <span class='ocr_line' id='line_1_25' title="bbox 347 2127 1650 2192; baseline -0.002 -14"><span class='ocrx_word' id='word_1_142' title='bbox 347 2131 386 2192; x_wconf 92' lang='grc' dir='ltr'>Ι,</span> <span class='ocrx_word' id='word_1_143' title='bbox 421 2147 491 2177; x_wconf 84' lang='lat'>12.</span> <span class='ocrx_word' id='word_1_144' title='bbox 527 2147 567 2191; x_wconf 88' lang='lat'>7.</span> <span class='ocrx_word' id='word_1_145' title='bbox 618 2132 663 2176; x_wconf 74' lang='lat' dir='ltr'>si</span> <span class='ocrx_word' id='word_1_146' title='bbox 700 2128 851 2176; x_wconf 51' lang='lat' dir='ltr'>monim</span> <span class='ocrx_word' id='word_1_147' title='bbox 888 2146 1113 2191; x_wconf 74' lang='lat' dir='ltr'>usquam.</span> <span class='ocrx_word' id='word_1_148' title='bbox 1202 2128 1331 2175; x_wconf 82' lang='lat' dir='ltr'>Vera</span> <span class='ocrx_word' id='word_1_149' title='bbox 1380 2127 1522 2175; x_wconf 88' lang='lat' dir='ltr'><strong>huius</strong></span> <span class='ocrx_word' id='word_1_150' title='bbox 1571 2146 1650 2176; x_wconf 91' lang='lat' dir='ltr'>co-</span> 
     </span>
    </p>
   </div>
   <div class='ocr_carea' id='block_1_11' title="bbox 219 2207 1650 2354">
    <p class='ocr_par' dir='ltr' id='par_1_11' title="bbox 219 2207 1650 2354">
     <span class='ocr_line' id='line_1_26' title="bbox 219 2207 1647 2273; baseline -0.004 -14"><span class='ocrx_word' id='word_1_151' title='bbox 219 2211 334 2259; x_wconf 80' lang='lat' dir='ltr'>dicis</span> <span class='ocrx_word' id='word_1_152' title='bbox 373 2210 573 2257; x_wconf 82' lang='lat' dir='ltr'>lectione</span> <span class='ocrx_word' id='word_1_153' title='bbox 614 2210 764 2256; x_wconf 81' lang='lat' dir='ltr'>nitens</span> <span class='ocrx_word' id='word_1_154' title='bbox 799 2207 1059 2273; x_wconf 81' lang='lat' dir='ltr'>legendum</span> <span class='ocrx_word' id='word_1_155' title='bbox 1100 2209 1323 2257; x_wconf 75' lang='lat' dir='ltr'>conficio:</span> <span class='ocrx_word' id='word_1_156' title='bbox 1372 2210 1464 2265; x_wconf 77' lang='lat' dir='ltr'>„si</span> <span class='ocrx_word' id='word_1_157' title='bbox 1503 2211 1647 2255; x_wconf 83' lang='lat' dir='ltr'><em>mini-</em></span> 
     </span>
     <span class='ocr_line' id='line_1_27' title="bbox 219 2287 1650 2354; baseline 0 -16"><span class='ocrx_word' id='word_1_158' title='bbox 219 2310 355 2339; x_wconf 78' lang='lat' dir='ltr'>mum</span> <span class='ocrx_word' id='word_1_159' title='bbox 390 2308 601 2354; x_wconf 75' lang='lat' dir='ltr'><em>usquam</em></span> <span class='ocrx_word' id='word_1_160' title='bbox 635 2291 816 2336; x_wconf 72' lang='lat' dir='ltr'><em>stantis</em></span> <span class='ocrx_word' id='word_1_161' title='bbox 850 2299 1077 2337; x_wconf 80' lang='lat' dir='ltr'>maneret</span> <span class='ocrx_word' id='word_1_162' title='bbox 1118 2291 1497 2352; x_wconf 75' lang='lat' dir='ltr'>Ca1·tlzaginis.“</span> <span class='ocrx_word' id='word_1_163' title='bbox 1552 2287 1650 2338; x_wconf 78' lang='lat' dir='ltr'>Cfr.</span> 
     </span>
    </p>
   </div>
   <div class='ocr_carea' id='block_1_12' title="bbox 219 2369 810 2434">
    <p class='ocr_par' dir='ltr' id='par_1_12' title="bbox 219 2369 810 2434">
     <span class='ocr_line' id='line_1_28' title="bbox 219 2369 810 2434; baseline -0.007 -14"><span class='ocrx_word' id='word_1_164' title='bbox 219 2371 404 2420; x_wconf 74' lang='lat' dir='ltr'>Walth.</span> <span class='ocrx_word' id='word_1_165' title='bbox 441 2371 530 2418; x_wconf 74' lang='lat' dir='ltr'>lex.</span> <span class='ocrx_word' id='word_1_166' title='bbox 562 2369 677 2434; x_wconf 83' lang='lat' dir='ltr'>dipl.</span> <span class='ocrx_word' id='word_1_167' title='bbox 693 2371 810 2417; x_wconf 69' lang='lat'>210.</span> 
     </span>
    </p>
   </div>
   <div class='ocr_carea' id='block_1_13' title="bbox 217 2476 1651 2765">
    <p class='ocr_par' dir='ltr' id='par_1_13' title="bbox 217 2476 1651 2765">
     <span class='ocr_line' id='line_1_29' title="bbox 756 2476 1102 2527; baseline 0.003 -4"><span class='ocrx_word' id='word_1_168' title='bbox 756 2476 820 2523; x_wconf 82' lang='lat' dir='ltr'>Pa</span> <span class='ocrx_word' id='word_1_169' title='bbox 854 2514 865 2524; x_wconf 95' lang='lat'>.</span> <span class='ocrx_word' id='word_1_170' title='bbox 888 2485 955 2527; x_wconf 81' lang='lat'>17.</span> <span class='ocrx_word' id='word_1_171' title='bbox 995 2495 1036 2526; x_wconf 89' lang='lat' dir='ltr'>v.</span> <span class='ocrx_word' id='word_1_172' title='bbox 1062 2483 1102 2527; x_wconf 85' lang='lat'>4.</span> 
     </span>
     <span class='ocr_line' id='line_1_30' title="bbox 352 2496 1649 2622; baseline -0.002 -19"><span class='ocrx_word' id='word_1_173' title='bbox 352 2556 417 2617; x_wconf 91' lang='lat' dir='ltr'>II,</span> <span class='ocrx_word' id='word_1_174' title='bbox 452 2559 523 2604; x_wconf 84' lang='lat'>15.</span> <span class='ocrx_word' id='word_1_175' title='bbox 548 2559 590 2604; x_wconf 83' lang='lat'>3.</span> <span class='ocrx_word' id='word_1_176' title='bbox 624 2559 677 2603; x_wconf 78' lang='lat' dir='ltr'>in</span> <span class='ocrx_word' id='word_1_177' title='bbox 712 2496 1058 2622; x_wconf 62' lang='grc' dir='ltr'>ἅθιηξῖἱεηᾱο]</span> <span class='ocrx_word' id='word_1_178' title='bbox 1125 2554 1250 2604; x_wconf 88' lang='lat' dir='ltr'>Vide</span> <span class='ocrx_word' id='word_1_179' title='bbox 1280 2554 1649 2609; x_wconf 85' lang='lat' dir='ltr'>scribendumne</span> 
     </span>
     <span class='ocr_line' id='line_1_31' title="bbox 218 2634 1651 2701; baseline -0.003 -17"><span class='ocrx_word' id='word_1_180' title='bbox 218 2637 299 2684; x_wconf 85' lang='lat' dir='ltr'>sit:</span> <span class='ocrx_word' id='word_1_181' title='bbox 342 2638 521 2684; x_wconf 81' lang='lat' dir='ltr'>deinde</span> <span class='ocrx_word' id='word_1_182' title='bbox 565 2639 617 2682; x_wconf 82' lang='lat' dir='ltr'>in</span> <span class='ocrx_word' id='word_1_183' title='bbox 653 2639 916 2684; x_wconf 82' lang='lat' dir='ltr'>moliendo.</span> <span class='ocrx_word' id='word_1_184' title='bbox 983 2637 1054 2684; x_wconf 87' lang='lat' dir='ltr'>Ita</span> <span class='ocrx_word' id='word_1_185' title='bbox 1086 2655 1130 2701; x_wconf 89' lang='lat' dir='ltr'>p.</span> <span class='ocrx_word' id='word_1_186' title='bbox 1160 2638 1262 2684; x_wconf 88' lang='lat'>118.</span> <span class='ocrx_word' id='word_1_187' title='bbox 1295 2653 1338 2684; x_wconf 87' lang='lat' dir='ltr'>v.</span> <span class='ocrx_word' id='word_1_188' title='bbox 1359 2653 1430 2683; x_wconf 88' lang='lat'>11.</span> <span class='ocrx_word' id='word_1_189' title='bbox 1477 2634 1651 2699; x_wconf 74' lang='lat' dir='ltr'>leg-itur</span> 
     </span>
     <span class='ocr_line' id='line_1_32' title="bbox 217 2718 1427 2765; baseline -0.002 -2"><span class='ocrx_word' id='word_1_190' title='bbox 217 2718 306 2763; x_wconf 80' lang='lat' dir='ltr'>diu</span> <span class='ocrx_word' id='word_1_191' title='bbox 340 2719 688 2765; x_wconf 77' lang='lat' dir='ltr'>dereluctatus</span> <span class='ocrx_word' id='word_1_192' title='bbox 717 2730 774 2756; x_wconf 88' lang='lat'><strong><em>=</em></strong></span> <span class='ocrx_word' id='word_1_193' title='bbox 808 2719 894 2764; x_wconf 82' lang='lat' dir='ltr'>diu</span> <span class='ocrx_word' id='word_1_194' title='bbox 927 2719 1107 2765; x_wconf 80' lang='lat' dir='ltr'>deinde</span> <span class='ocrx_word' id='word_1_195' title='bbox 1140 2719 1427 2763; x_wconf 72' lang='lat' dir='ltr'>reluctatus.</span> 
     </span>
    </p>
   </div>
  </div>
 </body>
</html>
