1715 3117
1378 215 1467 264 143

591 338 702 402 Pag.
727 344 795 388 75.
829 355 870 386 v.
893 345 933 388 7.

183 414 248 477 ΙΙ,
284 418 359 463 51.
386 418 443 462 5.
479 417 755 482 variatum]
820 416 990 464 Orellii
1029 418 1325 464 coniecturae
1369 420 1466 464 Va·

52 495 145 541 riis
175 503 418 542 certatum
450 493 723 543 adversatur
763 495 929 561 positio
960 496 1178 543 vocabuli
1211 499 1400 545 deinde.

592 615 655 663 Pa
694 652 705 662 .
729 625 796 666 80.
837 634 879 664 v.
906 623 947 666 9.

184 691 336 753 ΙΙ,57.
355 710 395 745 2.
433 696 544 739 clati
580 695 644 741 ab
661 634 747 757 ΞΟ]
821 692 998 741 Nullus
1028 691 1194 739 dubito
1225 695 1338 758 quin
1365 712 1469 742 vera

52 773 113 818 sit
139 771 323 818 Burei-ii
351 771 501 818 lectio.
569 771 688 819 Aliis
722 787 915 836 quoque
944 771 1085 831 locis,
1117 771 1183 817 uti
1212 790 1314 836 pag.
1335 790 1409 833 27,
1434 790 1472 819 2.

52 851 308 899 verborum
350 849 568 898 ordinem
597 851 786 900 invertit
823 850 1179 899 Antei-bachius.
1254 850 1473 898 Ceterum

52 929 173 978 hauc
222 929 396 978 codicis
443 931 694 978 lectionem
737 930 1070 979 emendatione
1112 947 1250 994 egere
1291 931 1368 979 vix
1407 945 1475 979 est

53 1009 185 1074 quod
219 1009 389 1058 dicam.

592 1119 656 1167 Pa
691 1155 702 1167 .
723 1128 791 1170 82.
830 1137 870 1166 v.
893 1127 934 1170 3.

185 1196 247 1257 11,
273 1201 349 1260 59.
373 1200 415 1246 6.
449 1138 845 1261 rotundagtusque
880 1200 932 1245 in
961 1196 1195 1260 colorem]
1268 1197 1333 1244 At
1363 1195 1476 1260 quid

55 1289 146 1324 est:
199 1278 488 1342 „imponens
538 1282 750 1335 coloram
806 1295 942 1326 arcus
991 1278 1120 1325 velut
1175 1276 1476 1323 coronam?“

59 1355 188 1405 Fort.
216 1358 401 1421 volgata
436 1359 626 1407 retineri
655 1371 819 1424 potest.
889 1357 992 1405 Nisi
1024 1357 1147 1403 forte
1169 1355 1475 1403 Lucretiano:

58 1435 228 1497 „Tum
258 1439 394 1484 color·
420 1438 469 1485 in
501 1439 671 1502 nigreis
705 1438 879 1485 exsistit
896 1436 1099 1484 nubibus
1123 1438 1274 1498 arqui
1286 1438 1331 1495 ‚“
1365 1435 1476 1482 scri-

56 1514 272 1563 bendum
303 1516 386 1564 sit:
430 1520 733 1564 rotundatas
768 1533 877 1564 cum
915 1518 1077 1562 colore
1109 1532 1258 1562 arcus
1288 1514 1471 1577 (genit).

587 1637 694 1701 Pag.
717 1644 787 1688 85.
814 1655 855 1684 v.
876 1645 944 1687 23.

191 1715 253 1778 Π,
283 1717 359 1764 64.
385 1718 429 1764 5.
477 1718 778 1778 peristhaec.
862 1715 990 1767 Fort.
1035 1715 1126 1779 leg.
1167 1727 1234 1761 est
1263 1716 1472 1776 perisse.

62 1795 151 1842 Set
182 1795 321 1843 haec.
399 1795 545 1853 Quod
582 1796 622 1843 si
652 1809 746 1857 est,
793 1795 909 1843 illud
951 1797 1037 1842 Set
1073 1794 1248 1858 optime
1293 1811 1476 1842 accom-

59 1873 303 1924 modatum
334 1888 400 1923 est
435 1876 657 1925 orationis
687 1876 770 1941 qui
801 1875 968 1923 dicitur
1002 1874 1222 1921 transitui.

586 1996 695 2061 Pag.
716 2005 785 2047 88.
822 2014 863 2044 v.
887 2002 953 2045 17.

188 2072 251 2137 H,
271 2078 346 2123 68.
376 2096 412 2125 1.
451 2078 679 2125 umbram
706 2087 851 2124 actae
881 2080 957 2124 rei
986 2074 1153 2139 capit]
1211 2075 1360 2137 Capit
1389 2074 1416 2120 i.
1439 2090 1475 2120 e.

63 2155 252 2224 reeipit3
285 2158 512 2205 umbram
549 2158 576 2206 i.
606 2175 644 2205 e.
674 2158 827 2206 levem
855 2155 1273 2204 adumbrationem.
1346 2152 1475 2200 Nihil

61 2247 292 2284 mutat-un.

600 2342 710 2407 Pag.
733 2351 801 2395 91.
835 2360 874 2391 v.
897 2350 937 2393 5.

190 2417 254 2480 Π,
271 2421 348 2484 69.
378 2425 422 2471 6.
487 2420 651 2471 Malim
689 2422 890 2471 scribere
921 2423 1149 2468 Fortuna
1187 2420 1251 2468 lit.
1285 2420 1389 2467 mai.

588 2555 696 2620 Pag.
716 2562 783 2607 91.
818 2572 861 2604 v.
883 2560 951 2606 14.

191 2632 265 2695 II,
301 2651 374 2697 70.
415 2653 453 2683 1.
530 2635 840 2695 manifestae
885 2635 1257 2681 denuntiatione
1281 2631 1469 2694 quietis.

60 2708 267 2760 Tametsi
323 2713 517 2762 minime
573 2731 737 2780 negem
755 2750 768 2775 ,
823 2711 1049 2761 eiusmodi
1107 2729 1216 2775 quas
1269 2709 1476 2757 Orellius
