1715 3117
1418 220 1481 270 85

62 338 250 403 pissime
289 339 346 385 sit
384 340 542 401 bium,
592 343 767 388 factum
801 355 867 387 est
899 342 1232 405 lepidissimum
1269 346 1391 393 illud
1422 350 1479 394 li-

62 418 208 464 biam.
297 418 480 466 Literae
526 421 751 468 nimirum
797 423 821 466 l
855 433 902 468 et
933 424 1245 471 issexcenties
1294 443 1480 490 permu-

61 509 228 545 tantur.
321 500 505 546 Deinde
561 501 804 548 literarum
857 500 1025 548 ductus
1076 515 1119 548 et
1173 505 1246 550 illa
1297 507 1479 569 saepius

61 579 199 641 (puta
233 579 408 638 sexies)
454 581 644 644 repetita
678 581 740 627 lit.
775 581 868 626 iin
902 581 1052 627 verbis
1083 584 1280 629 Libium
1316 587 1365 630 in
1402 588 1480 632 Si-

62 659 178 703 cilia
209 671 407 722 propter
425 660 602 706 formae
631 659 981 706 similitudinem
1010 661 1143 707 facile
1174 663 1323 726 potuit
1352 683 1480 710 caus·

60 755 159 784 sam
202 740 422 802 praebere
470 739 756 786 omittendae
808 741 961 800 vocis,
1011 748 1151 805 quam
1195 742 1479 789 intercidisse

63 818 364 878 conficimus,
391 820 572 878 finivit
591 856 603 878 ‚
636 833 687 865 ut
719 820 947 882 scriptum
978 821 1136 866 fuerit:

207 933 240 954 „
263 899 377 956 Qua
420 908 613 944 aestate
654 900 855 945 Caesar
886 909 991 946 tam
1022 918 1268 962 prospere
1306 902 1483 948 bellum

190 979 370 1037 finivit
404 981 455 1024 in
484 981 714 1025 Sicilia.“

0 1093 1 1100 ,
65 1056 197 1113 Quae
240 1059 540 1121 sequentibus
585 1057 829 1111 ‚afferenda
883 1059 941 1106 sit
994 1058 1174 1106 medela
1237 1061 1482 1122 nescimus,

64 1138 283 1203 suspicati
323 1140 466 1199 olim,
522 1138 824 1186 inserendum
863 1155 957 1188 esse
1018 1141 1175 1188 vocab.
1213 1142 1397 1201 minus,
1431 1154 1484 1187 ut

40 1212 44 1220 ¹
66 1215 373 1266 scriberetur:

211 1301 433 1355 „fflinzcs
489 1300 608 1345 bene
640 1303 860 1361 fortuna
910 1301 963 1346 in
1025 1300 1243 1346 Caesare
1287 1308 1336 1345 et
1380 1316 1485 1361 rep.

210 1379 454 1423 militavit
486 1381 559 1424 ad
600 1380 864 1425 Orientem.

69 1455 216 1504 Simili
255 1456 434 1503 ratione
469 1457 560 1503 alio
592 1474 779 1521 quoque
815 1457 921 1503 loco
945 1456 1206 1520 respublica
1241 1473 1350 1503 cum
1372 1454 1484 1502 Cae-

70 1552 168 1582 sare
201 1535 454 1582 coniuncta
494 1549 902 1583 commemoratur.
983 1534 1200 1581 *Sensum
1233 1534 1361 1582 hunc
1389 1551 1486 1581 esso

69 1616 452 1680 argumentabar:
498 1613 611 1660 dum
645 1614 810 1660 Caesar
862 1614 960 1678 ipse
993 1630 1213 1678 prospere
1253 1630 1351 1660 rem
1383 1630 1486 1676 ges-

72 1694 185 1745 serit.
229 1693 288 1740 ad
338 1692 673 1753 Occidentem}
721 1693 976 1740 Fortunam
1020 1692 1078 1738 ad
1119 1692 1356 1740 Orientem
1401 1693 1487 1738 mi-

71 1791 159 1820 nus
193 1772 504 1836 favisseseip.
598 1770 741 1834 Atqui
769 1772 863 1818 iam
894 1783 940 1818 et
969 1771 1097 1817 hunc
1130 1771 1263 1817 nobis
1298 1770 1483 1832 (qualis-

76 1870 263 1916 cunque
310 1852 427 1913 erat)
475 1863 740 1914 respectum
789 1849 963 1898 ademit
1015 1848 1363 1914 propemodum
1411 1849 1488 1895 ab·

73 1931 304 1995 sciditque
331 1930 435 1978 cod.
451 1930 866 1990 Amen-bachianus‚
893 1930 1107 1978 voculam
1127 1931 1230 1989 Brf,
1253 1946 1348 1976 non
1373 1929 1489 1974 bene

75 2012 316 2077 praebens.
407 2008 563 2065 Quare
598 2008 713 2074 quid
741 2009 904 2055 faciam
941 2007 1140 2068 haereo,
1176 2008 1262 2054 nisi
1297 2008 1334 2054 si
1372 2008 1489 2054 forte

74 2091 244 2155 probes
276 2089 413 2136 haec:
455 2089 620 2148 „bona
650 2089 837 2134 fortuna
871 2087 921 2148 (s,
948 2085 1059 2132 belli
1089 2087 1298 2147 fortuna)
1332 2099 1490 2132 contra

77 2169 320 2217 Caesarem
356 2182 400 2215 et
433 2185 580 2231 remp.
610 2167 821 2215 militavit
850 2165 908 2212 ad
933 2165 1221 2212 Orientcm.“
1288 2164 1398 2212 Vid.
1425 2177 1489 2210 ta-

75 2250 274 2309 bellam,
314 2266 370 2295 ex
404 2266 493 2312 qua
529 2248 591 2294 ὁδ’
617 2259 683 2294 est
717 2247 857 2293 bona.
937 2244 1058 2292 Cic.:
1098 2246 1245 2290 Bona
1268 2245 1489 2302 fortuna

78 2312 239 2376 bellif‘
272 2358 338 2366 --
385 2327 569 2384 Quodsi
597 2344 760 2374 verum
787 2339 854 2372 est
886 2326 933 2371 in
962 2324 1090 2389 quod
1125 2323 1389 2371 coniectura
1422 2323 1491 2367 iu-

78 2407 172 2454 cidi
207 2407 371 2455 adiect.
416 2407 572 2466 bona,
605 2405 748 2452 habes
777 2403 853 2451 hic
891 2403 1129 2467 epitheton
1165 2400 1293 2463 quod
1326 2399 1492 2447 dicitur

77 2505 266 2537 ornans.
