<?xml version="1.0" encoding="UTF-8"?>
<!DOCTYPE html PUBLIC "-//W3C//DTD XHTML 1.0 Transitional//EN"
    "http://www.w3.org/TR/xhtml1/DTD/xhtml1-transitional.dtd">
<html xmlns="http://www.w3.org/1999/xhtml" xml:lang="en" lang="en">
 <head>
  <title>
</title>
<meta http-equiv="Content-Type" content="text/html;charset=utf-8" />
  <meta name='ocr-system' content='tesseract 3.04.00' />
  <meta name='ocr-capabilities' content='ocr_page ocr_carea ocr_par ocr_line ocrx_word'/>
</head>
<body>
  <div class='ocr_page' id='page_1' title='image "./locivelleianiine00lauruoft_0073.png"; bbox 0 0 1715 3117; ppageno 0'>
   <div class='ocr_carea' id='block_1_1' title="bbox 0 0 51 1586">
    <p class='ocr_par' dir='ltr' id='par_1_1' title="bbox 0 0 51 1586">
     <span class='ocr_line' id='line_1_1' title="bbox 0 0 51 1586; baseline 0 0"><span class='ocrx_word' id='word_1_1' title='bbox 0 0 51 1586; x_wconf 95' lang='lat' dir='ltr'> </span> 
     </span>
    </p>
   </div>
   <div class='ocr_carea' id='block_1_2' title="bbox 1424 117 1485 166">
    <p class='ocr_par' dir='ltr' id='par_1_2' title="bbox 1424 117 1485 166">
     <span class='ocr_line' id='line_1_2' title="bbox 1424 117 1485 166; baseline 0.033 -2"><span class='ocrx_word' id='word_1_2' title='bbox 1424 117 1485 166; x_wconf 74' lang='lat'>4⁵</span> 
     </span>
    </p>
   </div>
   <div class='ocr_carea' id='block_1_3' title="bbox 9 235 1495 1666">
    <p class='ocr_par' dir='ltr' id='par_1_3' title="bbox 9 235 1495 1666">
     <span class='ocr_line' id='line_1_3' title="bbox 73 235 1489 305; baseline 0.002 -19"><span class='ocrx_word' id='word_1_3' title='bbox 73 255 234 305; x_wconf 89' lang='lat' dir='ltr'>quam:</span> <span class='ocrx_word' id='word_1_4' title='bbox 270 255 326 285; x_wconf 83' lang='lat' dir='ltr'>ex</span> <span class='ocrx_word' id='word_1_5' title='bbox 355 237 530 287; x_wconf 83' lang='lat' dir='ltr'>invidia</span> <span class='ocrx_word' id='word_1_6' title='bbox 565 238 795 304; x_wconf 85' lang='lat' dir='ltr'>potentiae</span> <span class='ocrx_word' id='word_1_7' title='bbox 830 235 871 297; x_wconf 65' lang='grc' dir='ltr'>ὃ(</span> <span class='ocrx_word' id='word_1_8' title='bbox 900 243 1241 288; x_wconf 81' lang='lat' dir='ltr'><em>aemulatione.</em></span> <span class='ocrx_word' id='word_1_9' title='bbox 1300 240 1489 290; x_wconf 85' lang='lat' dir='ltr'>Norunt</span> 
     </span>
     <span class='ocr_line' id='line_1_4' title="bbox 75 317 1487 386; baseline 0.001 -20"><span class='ocrx_word' id='word_1_10' title='bbox 75 332 121 366; x_wconf 87' lang='lat' dir='ltr'>et</span> <span class='ocrx_word' id='word_1_11' title='bbox 154 318 235 384; x_wconf 88' lang='lat' dir='ltr'>qui</span> <span class='ocrx_word' id='word_1_12' title='bbox 271 318 433 382; x_wconf 84' lang='lat' dir='ltr'>primis</span> <span class='ocrx_word' id='word_1_13' title='bbox 463 318 600 365; x_wconf 86' lang='lat' dir='ltr'>labris</span> <span class='ocrx_word' id='word_1_14' title='bbox 630 317 936 381; x_wconf 81' lang='lat' dir='ltr'>degustarunt</span> <span class='ocrx_word' id='word_1_15' title='bbox 963 334 1109 367; x_wconf 85' lang='lat' dir='ltr'>artem</span> <span class='ocrx_word' id='word_1_16' title='bbox 1144 321 1487 386; x_wconf 78' lang='lat' dir='ltr'>diplomaticam</span> 
     </span>
     <span class='ocr_line' id='line_1_5' title="bbox 9 392 1490 473; baseline 0.002 -28"><span class='ocrx_word' id='word_1_17' title='bbox 9 392 13 473; x_wconf 24' lang='lat' dir='ltr'>j*</span> <span class='ocrx_word' id='word_1_18' title='bbox 72 398 260 463; x_wconf 87' lang='lat' dir='ltr'>signum</span> <span class='ocrx_word' id='word_1_19' title='bbox 292 398 338 445; x_wconf 83' lang='lat'>&amp;</span> <span class='ocrx_word' id='word_1_20' title='bbox 371 415 706 463; x_wconf 81' lang='lat' dir='ltr'>saepenumero</span> <span class='ocrx_word' id='word_1_21' title='bbox 743 397 1000 462; x_wconf 84' lang='lat' dir='ltr'>adaequare</span> <span class='ocrx_word' id='word_1_22' title='bbox 1038 401 1191 446; x_wconf 74' lang='lat' dir='ltr'>liu-rae</span> <span class='ocrx_word' id='word_1_23' title='bbox 1228 401 1265 446; x_wconf 88' lang='lat' dir='ltr'>C</span> <span class='ocrx_word' id='word_1_24' title='bbox 1299 402 1490 462; x_wconf 78' lang='lat' dir='ltr'>maiori3</span> 
     </span>
     <span class='ocr_line' id='line_1_6' title="bbox 14 479 1489 546; baseline 0.001 -21"><span class='ocrx_word' id='word_1_25' title='bbox 14 519 15 546; x_wconf 68' lang='lat'>3</span> <span class='ocrx_word' id='word_1_26' title='bbox 75 496 164 526; x_wconf 87' lang='lat' dir='ltr'>nee</span> <span class='ocrx_word' id='word_1_27' title='bbox 200 479 354 525; x_wconf 86' lang='lat' dir='ltr'>minus</span> <span class='ocrx_word' id='word_1_28' title='bbox 390 479 549 525; x_wconf 89' lang='lat' dir='ltr'>tritum</span> <span class='ocrx_word' id='word_1_29' title='bbox 595 492 661 525; x_wconf 85' lang='lat' dir='ltr'>est</span> <span class='ocrx_word' id='word_1_30' title='bbox 700 492 745 524; x_wconf 85' lang='lat' dir='ltr'>et</span> <span class='ocrx_word' id='word_1_31' title='bbox 779 479 1109 542; x_wconf 81' lang='lat' dir='ltr'>pervulgatum</span> <span class='ocrx_word' id='word_1_32' title='bbox 1150 481 1489 527; x_wconf 73' lang='lat' dir='ltr'>terminationes</span> 
     </span>
     <span class='ocr_line' id='line_1_7' title="bbox 73 558 1487 622; baseline 0.002 -18"><span class='ocrx_word' id='word_1_33' title='bbox 73 561 205 619; x_wconf 84' lang='lat' dir='ltr'>atio,</span> <span class='ocrx_word' id='word_1_34' title='bbox 245 561 454 617; x_wconf 78' lang='lat' dir='ltr'>ationis,</span> <span class='ocrx_word' id='word_1_35' title='bbox 485 559 704 603; x_wconf 80' lang='lat' dir='ltr'>ationem</span> <span class='ocrx_word' id='word_1_36' title='bbox 737 558 833 604; x_wconf 88' lang='lat' dir='ltr'>fere</span> <span class='ocrx_word' id='word_1_37' title='bbox 865 575 952 622; x_wconf 89' lang='lat' dir='ltr'>per</span> <span class='ocrx_word' id='word_1_38' title='bbox 986 558 1266 621; x_wconf 83' lang='lat' dir='ltr'>compendia</span> <span class='ocrx_word' id='word_1_39' title='bbox 1301 561 1487 607; x_wconf 80' lang='lat' dir='ltr'>exarari.</span> 
     </span>
     <span class='ocr_line' id='line_1_8' title="bbox 42 635 1491 703; baseline 0.001 -19"><span class='ocrx_word' id='word_1_40' title='bbox 42 639 45 645; x_wconf 81' lang='grc'><strong>’</strong></span> <span class='ocrx_word' id='word_1_41' title='bbox 76 637 381 703; x_wconf 78' lang='lat' dir='ltr'>Quapropter</span> <span class='ocrx_word' id='word_1_42' title='bbox 411 636 457 683; x_wconf 88' lang='lat' dir='ltr'>h.</span> <span class='ocrx_word' id='word_1_43' title='bbox 488 637 517 685; x_wconf 89' lang='lat' dir='ltr'>l.</span> <span class='ocrx_word' id='word_1_44' title='bbox 556 635 670 683; x_wconf 82' lang='lat' dir='ltr'>haec</span> <span class='ocrx_word' id='word_1_45' title='bbox 706 640 876 702; x_wconf 83' lang='lat' dir='ltr'>scripta</span> <span class='ocrx_word' id='word_1_46' title='bbox 912 637 1099 685; x_wconf 87' lang='lat' dir='ltr'>videbat</span> <span class='ocrx_word' id='word_1_47' title='bbox 1136 639 1342 685; x_wconf 81' lang='lat' dir='ltr'>librarius</span> <span class='ocrx_word' id='word_1_48' title='bbox 1364 640 1491 685; x_wconf 77' lang='lat' dir='ltr'>Mur-</span> 
     </span>
     <span class='ocr_line' id='line_1_9' title="bbox 73 715 1491 783; baseline -0.001 -17"><span class='ocrx_word' id='word_1_49' title='bbox 73 720 306 766; x_wconf 86' lang='lat' dir='ltr'>baceusis:</span> <span class='ocrx_word' id='word_1_50' title='bbox 348 718 396 765; x_wconf 78' lang='lat'>&amp;</span> <span class='ocrx_word' id='word_1_51' title='bbox 437 718 680 764; x_wconf 87' lang='lat' dir='ltr'>aemulioe.</span> <span class='ocrx_word' id='word_1_52' title='bbox 770 717 865 773; x_wconf 82' lang='lat' dir='ltr'>Qui</span> <span class='ocrx_word' id='word_1_53' title='bbox 908 738 1057 783; x_wconf 84' lang='lat' dir='ltr'>quum</span> <span class='ocrx_word' id='word_1_54' title='bbox 1095 732 1250 765; x_wconf 87' lang='lat' dir='ltr'>uotam</span> <span class='ocrx_word' id='word_1_55' title='bbox 1286 715 1327 776; x_wconf 62' lang='grc' dir='ltr'>ἃ·</span> <span class='ocrx_word' id='word_1_56' title='bbox 1363 719 1408 764; x_wconf 89' lang='lat' dir='ltr'>in</span> <span class='ocrx_word' id='word_1_57' title='bbox 1454 718 1491 764; x_wconf 94' lang='lat' dir='ltr'>C</span> 
     </span>
     <span class='ocr_line' id='line_1_10' title="bbox 75 797 1495 864; baseline -0.003 -18"><span class='ocrx_word' id='word_1_58' title='bbox 75 799 376 864; x_wconf 74' lang='lat' dir='ltr'><strong>corrupisset,</strong></span> <span class='ocrx_word' id='word_1_59' title='bbox 414 798 547 844; x_wconf 84' lang='lat' dir='ltr'>sicuti</span> <span class='ocrx_word' id='word_1_60' title='bbox 577 816 719 863; x_wconf 86' lang='lat' dir='ltr'>supra</span> <span class='ocrx_word' id='word_1_61' title='bbox 755 816 855 862; x_wconf 86' lang='lat' dir='ltr'>cap.</span> <span class='ocrx_word' id='word_1_62' title='bbox 875 803 931 846; x_wconf 86' lang='lat'>25</span> <span class='ocrx_word' id='word_1_63' title='bbox 971 801 1181 846; x_wconf 77' lang='lat' dir='ltr'>crahula</span> <span class='ocrx_word' id='word_1_64' title='bbox 1212 799 1257 844; x_wconf 89' lang='lat' dir='ltr'>in</span> <span class='ocrx_word' id='word_1_65' title='bbox 1292 797 1495 845; x_wconf 88' lang='lat' dir='ltr'>chartam</span> 
     </span>
     <span class='ocr_line' id='line_1_11' title="bbox 73 877 1493 944; baseline -0.002 -17"><span class='ocrx_word' id='word_1_66' title='bbox 73 879 246 927; x_wconf 87' lang='lat' dir='ltr'>iecerat</span> <span class='ocrx_word' id='word_1_67' title='bbox 278 897 365 944; x_wconf 85' lang='lat' dir='ltr'>pro</span> <span class='ocrx_word' id='word_1_68' title='bbox 388 886 435 928; x_wconf 66' lang='grc'>8·</span> <span class='ocrx_word' id='word_1_69' title='bbox 461 878 663 938; x_wconf 79' lang='lat' dir='ltr'>tabula3</span> <span class='ocrx_word' id='word_1_70' title='bbox 700 880 857 925; x_wconf 86' lang='lat' dir='ltr'>literae</span> <span class='ocrx_word' id='word_1_71' title='bbox 893 877 1092 942; x_wconf 83' lang='lat' dir='ltr'>duplicis</span> <span class='ocrx_word' id='word_1_72' title='bbox 1124 897 1167 924; x_wconf 74' lang='grc' dir='ltr'>σε</span> <span class='ocrx_word' id='word_1_73' title='bbox 1202 878 1330 942; x_wconf 84' lang='lat' dir='ltr'>apice</span> <span class='ocrx_word' id='word_1_74' title='bbox 1365 891 1493 924; x_wconf 90' lang='lat' dir='ltr'>vetu-</span> 
     </span>
     <span class='ocr_line' id='line_1_12' title="bbox 74 956 1494 1023; baseline -0.002 -17"><span class='ocrx_word' id='word_1_75' title='bbox 74 973 188 1006; x_wconf 81' lang='lat' dir='ltr'>state</span> <span class='ocrx_word' id='word_1_76' title='bbox 230 977 360 1006; x_wconf 90' lang='lat' dir='ltr'>eraso</span> <span class='ocrx_word' id='word_1_77' title='bbox 390 960 542 1006; x_wconf 89' lang='lat' dir='ltr'>solum</span> <span class='ocrx_word' id='word_1_78' title='bbox 585 977 617 1004; x_wconf 85' lang='lat' dir='ltr'>a</span> <span class='ocrx_word' id='word_1_79' title='bbox 659 959 928 1023; x_wconf 81' lang='lat' dir='ltr'>conspicere</span> <span class='ocrx_word' id='word_1_80' title='bbox 961 958 1047 1004; x_wconf 86' lang='lat' dir='ltr'>sibi</span> <span class='ocrx_word' id='word_1_81' title='bbox 1085 958 1206 1004; x_wconf 87' lang='lat' dir='ltr'>visus</span> <span class='ocrx_word' id='word_1_82' title='bbox 1241 971 1328 1017; x_wconf 76' lang='lat' dir='ltr'>est3</span> <span class='ocrx_word' id='word_1_83' title='bbox 1366 956 1494 1003; x_wconf 85' lang='lat' dir='ltr'>deui-</span> 
     </span>
     <span class='ocr_line' id='line_1_13' title="bbox 75 1035 1494 1105; baseline -0.003 -19"><span class='ocrx_word' id='word_1_84' title='bbox 75 1057 166 1105; x_wconf 89' lang='lat' dir='ltr'>que</span> <span class='ocrx_word' id='word_1_85' title='bbox 207 1058 263 1086; x_wconf 91' lang='lat' dir='ltr'>oe</span> <span class='ocrx_word' id='word_1_86' title='bbox 311 1040 442 1105; x_wconf 83' lang='lat' dir='ltr'>quod</span> <span class='ocrx_word' id='word_1_87' title='bbox 485 1041 530 1087; x_wconf 87' lang='lat' dir='ltr'>iu</span> <span class='ocrx_word' id='word_1_88' title='bbox 575 1041 666 1086; x_wconf 87' lang='lat' dir='ltr'>fine</span> <span class='ocrx_word' id='word_1_89' title='bbox 713 1039 954 1104; x_wconf 82' lang='lat' dir='ltr'>legebatur</span> <span class='ocrx_word' id='word_1_90' title='bbox 995 1054 1150 1084; x_wconf 90' lang='lat' dir='ltr'>errore</span> <span class='ocrx_word' id='word_1_91' title='bbox 1199 1035 1367 1083; x_wconf 86' lang='lat' dir='ltr'>ductus</span> <span class='ocrx_word' id='word_1_92' title='bbox 1410 1054 1494 1100; x_wconf 84' lang='lat' dir='ltr'>pro</span> 
     </span>
     <span class='ocr_line' id='line_1_14' title="bbox 76 1115 1490 1186; baseline -0.003 -19"><span class='ocrx_word' id='word_1_93' title='bbox 76 1122 255 1186; x_wconf 84' lang='lat' dir='ltr'>syllaba</span> <span class='ocrx_word' id='word_1_94' title='bbox 305 1139 348 1167; x_wconf 87' lang='lat' dir='ltr'><strong><em>oe</em></strong></span> <span class='ocrx_word' id='word_1_95' title='bbox 422 1133 582 1183; x_wconf 85' lang='lat' dir='ltr'>utpote</span> <span class='ocrx_word' id='word_1_96' title='bbox 637 1120 707 1165; x_wconf 88' lang='lat' dir='ltr'>illi</span> <span class='ocrx_word' id='word_1_97' title='bbox 761 1119 998 1165; x_wconf 87' lang='lat' dir='ltr'>simillima</span> <span class='ocrx_word' id='word_1_98' title='bbox 1058 1117 1232 1182; x_wconf 77' lang='lat' dir='ltr'>cepisse</span> <span class='ocrx_word' id='word_1_99' title='bbox 1292 1115 1490 1163; x_wconf 89' lang='lat' dir='ltr'>videtur.</span> 
     </span>
     <span class='ocr_line' id='line_1_15' title="bbox 76 1195 1495 1265; baseline -0.006 -16"><span class='ocrx_word' id='word_1_100' title='bbox 76 1201 326 1265; x_wconf 81' lang='lat' dir='ltr'>Superest,</span> <span class='ocrx_word' id='word_1_101' title='bbox 369 1214 421 1247; x_wconf 91' lang='lat' dir='ltr'>ut</span> <span class='ocrx_word' id='word_1_102' title='bbox 448 1199 569 1246; x_wconf 87' lang='lat' dir='ltr'>illud</span> <span class='ocrx_word' id='word_1_103' title='bbox 599 1201 809 1260; x_wconf 78' lang='lat' dir='ltr'>septimo</span> <span class='ocrx_word' id='word_1_104' title='bbox 849 1197 896 1243; x_wconf 81' lang='lat' dir='ltr'>in</span> <span class='ocrx_word' id='word_1_105' title='bbox 935 1199 1128 1255; x_wconf 75' lang='lat' dir='ltr'>Quarto</span> <span class='ocrx_word' id='word_1_106' title='bbox 1167 1195 1495 1258; x_wconf 73' lang='lat' dir='ltr'>corrigendum</span> 
     </span>
     <span class='ocr_line' id='line_1_16' title="bbox 75 1276 1493 1345; baseline -0.004 -17"><span class='ocrx_word' id='word_1_107' title='bbox 75 1299 320 1339; x_wconf 85' lang='lat' dir='ltr'>moneam,</span> <span class='ocrx_word' id='word_1_108' title='bbox 359 1281 396 1327; x_wconf 86' lang='lat' dir='ltr'>si</span> <span class='ocrx_word' id='word_1_109' title='bbox 435 1279 626 1345; x_wconf 83' lang='lat' dir='ltr'>quidem</span> <span class='ocrx_word' id='word_1_110' title='bbox 659 1281 732 1339; x_wconf 89' lang='lat' dir='ltr'>(ut</span> <span class='ocrx_word' id='word_1_111' title='bbox 771 1291 932 1324; x_wconf 84' lang='lat' dir='ltr'>monet</span> <span class='ocrx_word' id='word_1_112' title='bbox 966 1276 1217 1337; x_wconf 79' lang='lat' dir='ltr'>Krausius)</span> <span class='ocrx_word' id='word_1_113' title='bbox 1257 1293 1379 1322; x_wconf 88' lang='lat' dir='ltr'>anuo</span> <span class='ocrx_word' id='word_1_114' title='bbox 1405 1292 1493 1335; x_wconf 92' lang='lat'>700</span> 
     </span>
     <span class='ocr_line' id='line_1_17' title="bbox 77 1357 1494 1424; baseline -0.005 -16"><span class='ocrx_word' id='word_1_115' title='bbox 77 1360 273 1408; x_wconf 84' lang='lat' dir='ltr'>decessit</span> <span class='ocrx_word' id='word_1_116' title='bbox 306 1360 448 1419; x_wconf 84' lang='lat' dir='ltr'>Julia,</span> <span class='ocrx_word' id='word_1_117' title='bbox 490 1373 712 1424; x_wconf 82' lang='lat' dir='ltr'>quattuor</span> <span class='ocrx_word' id='word_1_118' title='bbox 753 1375 862 1405; x_wconf 90' lang='lat' dir='ltr'>vero</span> <span class='ocrx_word' id='word_1_119' title='bbox 903 1357 1033 1403; x_wconf 87' lang='lat' dir='ltr'>annis</span> <span class='ocrx_word' id='word_1_120' title='bbox 1075 1369 1179 1402; x_wconf 86' lang='lat' dir='ltr'>ante</span> <span class='ocrx_word' id='word_1_121' title='bbox 1223 1368 1333 1418; x_wconf 82' lang='lat' dir='ltr'>puta</span> <span class='ocrx_word' id='word_1_122' title='bbox 1370 1372 1494 1401; x_wconf 86' lang='lat' dir='ltr'>anno</span> 
     </span>
     <span class='ocr_line' id='line_1_18' title="bbox 79 1434 1494 1504; baseline -0.006 -16"><span class='ocrx_word' id='word_1_123' title='bbox 79 1442 173 1504; x_wconf 83' lang='grc'>696</span> <span class='ocrx_word' id='word_1_124' title='bbox 221 1440 396 1487; x_wconf 80' lang='lat' dir='ltr'>Gallias</span> <span class='ocrx_word' id='word_1_125' title='bbox 442 1438 626 1485; x_wconf 83' lang='lat' dir='ltr'>intravit</span> <span class='ocrx_word' id='word_1_126' title='bbox 688 1437 867 1483; x_wconf 88' lang='lat' dir='ltr'>Caesar.</span> <span class='ocrx_word' id='word_1_127' title='bbox 939 1434 1032 1482; x_wconf 86' lang='lat' dir='ltr'>Sed</span> <span class='ocrx_word' id='word_1_128' title='bbox 1076 1434 1300 1497; x_wconf 84' lang='lat' dir='ltr'>scriptum</span> <span class='ocrx_word' id='word_1_129' title='bbox 1344 1434 1494 1498; x_wconf 88' lang='lat' dir='ltr'>primo</span> 
     </span>
     <span class='ocr_line' id='line_1_19' title="bbox 79 1512 1495 1585; baseline -0.006 -17"><span class='ocrx_word' id='word_1_130' title='bbox 79 1534 173 1568; x_wconf 88' lang='lat' dir='ltr'>erat</span> <span class='ocrx_word' id='word_1_131' title='bbox 195 1520 289 1580; x_wconf 86' lang='lat' dir='ltr'>III,</span> <span class='ocrx_word' id='word_1_132' title='bbox 335 1519 464 1585; x_wconf 91' lang='lat' dir='ltr'>quod</span> <span class='ocrx_word' id='word_1_133' title='bbox 507 1519 553 1564; x_wconf 87' lang='lat' dir='ltr'>in</span> <span class='ocrx_word' id='word_1_134' title='bbox 587 1517 682 1566; x_wconf 88' lang='lat' dir='ltr'>VII</span> <span class='ocrx_word' id='word_1_135' title='bbox 715 1529 945 1562; x_wconf 86' lang='lat' dir='ltr'>mutatum</span> <span class='ocrx_word' id='word_1_136' title='bbox 979 1528 1074 1574; x_wconf 84' lang='lat' dir='ltr'>est,</span> <span class='ocrx_word' id='word_1_137' title='bbox 1111 1512 1295 1560; x_wconf 84' lang='lat' dir='ltr'>duobus</span> <span class='ocrx_word' id='word_1_138' title='bbox 1334 1512 1495 1560; x_wconf 89' lang='lat' dir='ltr'>notisI</span> 
     </span>
     <span class='ocr_line' id='line_1_20' title="bbox 77 1597 716 1666; baseline -0.006 -19"><span class='ocrx_word' id='word_1_139' title='bbox 77 1618 161 1666; x_wconf 91' lang='lat' dir='ltr'>per</span> <span class='ocrx_word' id='word_1_140' title='bbox 196 1617 406 1647; x_wconf 84' lang='lat' dir='ltr'>errorem</span> <span class='ocrx_word' id='word_1_141' title='bbox 442 1597 716 1646; x_wconf 84' lang='lat' dir='ltr'>coniunctis.</span> 
     </span>
    </p>
   </div>
   <div class='ocr_carea' id='block_1_4' title="bbox 81 1726 1493 1878">
    <p class='ocr_par' dir='ltr' id='par_1_4' title="bbox 81 1726 1493 1878">
     <span class='ocr_line' id='line_1_21' title="bbox 208 1726 1493 1796; baseline -0.005 -17"><span class='ocrx_word' id='word_1_142' title='bbox 208 1733 334 1796; x_wconf 85' lang='lat' dir='ltr'>Ergo</span> <span class='ocrx_word' id='word_1_143' title='bbox 373 1745 426 1777; x_wconf 85' lang='lat' dir='ltr'>ut</span> <span class='ocrx_word' id='word_1_144' title='bbox 466 1726 583 1795; x_wconf 81' lang='lat' dir='ltr'>quae</span> <span class='ocrx_word' id='word_1_145' title='bbox 617 1728 817 1775; x_wconf 82' lang='lat' dir='ltr'>diximus</span> <span class='ocrx_word' id='word_1_146' title='bbox 853 1746 997 1792; x_wconf 82' lang='lat' dir='ltr'>pauca</span> <span class='ocrx_word' id='word_1_147' title='bbox 1032 1727 1327 1790; x_wconf 78' lang='lat' dir='ltr'>paucioribus</span> <span class='ocrx_word' id='word_1_148' title='bbox 1359 1726 1493 1772; x_wconf 83' lang='lat' dir='ltr'>ctiam</span> 
     </span>
     <span class='ocr_line' id='line_1_22' title="bbox 81 1806 1300 1878; baseline -0.007 -18"><span class='ocrx_word' id='word_1_149' title='bbox 81 1810 540 1878; x_wconf 84' lang='lat' dir='ltr'>comprehendamus</span> <span class='ocrx_word' id='word_1_150' title='bbox 573 1811 633 1856; x_wconf 83' lang='lat' dir='ltr'>ita</span> <span class='ocrx_word' id='word_1_151' title='bbox 664 1807 967 1855; x_wconf 86' lang='lat' dir='ltr'>scribendum</span> <span class='ocrx_word' id='word_1_152' title='bbox 1002 1806 1300 1853; x_wconf 85' lang='lat' dir='ltr'>coniicimus:</span> 
     </span>
    </p>
   </div>
   <div class='ocr_carea' id='block_1_5' title="bbox 223 1914 1497 2298">
    <p class='ocr_par' dir='ltr' id='par_1_5' title="bbox 223 1914 1497 2298">
     <span class='ocr_line' id='line_1_23' title="bbox 229 1914 1496 1980; baseline -0.009 -13"><span class='ocrx_word' id='word_1_153' title='bbox 229 1923 422 1979; x_wconf 76' lang='lat' dir='ltr'>Quarto</span> <span class='ocrx_word' id='word_1_154' title='bbox 470 1921 645 1980; x_wconf 86' lang='lat' dir='ltr'>ferme</span> <span class='ocrx_word' id='word_1_155' title='bbox 697 1934 826 1963; x_wconf 84' lang='grc' dir='ltr'><em>αηηο</em></span> <span class='ocrx_word' id='word_1_156' title='bbox 885 1918 1072 1961; x_wconf 78' lang='lat' dir='ltr'>Caesar</span> <span class='ocrx_word' id='word_1_157' title='bbox 1116 1914 1406 1960; x_wconf 80' lang='lat' dir='ltr'>morabatur</span> <span class='ocrx_word' id='word_1_158' title='bbox 1446 1914 1496 1956; x_wconf 88' lang='lat' dir='ltr'>in</span> 
     </span>
     <span class='ocr_line' id='line_1_24' title="bbox 230 1995 1495 2056; baseline -0.009 -10"><span class='ocrx_word' id='word_1_159' title='bbox 230 2001 435 2056; x_wconf 71' lang='lat' dir='ltr'>Galliis,</span> <span class='ocrx_word' id='word_1_160' title='bbox 481 2018 589 2046; x_wconf 83' lang='lat' dir='ltr'>cum</span> <span class='ocrx_word' id='word_1_161' title='bbox 623 2000 838 2044; x_wconf 76' lang='lat' dir='ltr'>medium</span> <span class='ocrx_word' id='word_1_162' title='bbox 877 1998 979 2040; x_wconf 82' lang='lat' dir='ltr'>iam</span> <span class='ocrx_word' id='word_1_163' title='bbox 1015 2013 1072 2040; x_wconf 84' lang='lat' dir='ltr'>ex</span> <span class='ocrx_word' id='word_1_164' title='bbox 1106 1995 1297 2039; x_wconf 74' lang='lat' dir='ltr'>invidia</span> <span class='ocrx_word' id='word_1_165' title='bbox 1325 2001 1495 2052; x_wconf 80' lang='lat' dir='ltr'>poten-</span> 
     </span>
     <span class='ocr_line' id='line_1_25' title="bbox 226 2071 1492 2138; baseline -0.006 -13"><span class='ocrx_word' id='word_1_166' title='bbox 226 2082 326 2125; x_wconf 85' lang='lat' dir='ltr'>tiae</span> <span class='ocrx_word' id='word_1_167' title='bbox 354 2089 401 2124; x_wconf 80' lang='lat' dir='ltr'>et</span> <span class='ocrx_word' id='word_1_168' title='bbox 432 2081 765 2125; x_wconf 76' lang='lat' dir='ltr'>aemulatione</span> <span class='ocrx_word' id='word_1_169' title='bbox 793 2076 877 2138; x_wconf 81' lang='lat'>1⁹)</span> <span class='ocrx_word' id='word_1_170' title='bbox 912 2075 1220 2120; x_wconf 74' lang='lat' dir='ltr'>cohaerentis</span> <span class='ocrx_word' id='word_1_171' title='bbox 1252 2075 1379 2117; x_wconf 80' lang='lat' dir='ltr'>inter</span> <span class='ocrx_word' id='word_1_172' title='bbox 1408 2071 1492 2117; x_wconf 84' lang='lat' dir='ltr'>Cn.</span> 
     </span>
     <span class='ocr_line' id='line_1_26' title="bbox 228 2153 1497 2222; baseline -0.01 -15"><span class='ocrx_word' id='word_1_173' title='bbox 228 2162 520 2222; x_wconf 77' lang='lat' dir='ltr'>Pompeium</span> <span class='ocrx_word' id='word_1_174' title='bbox 550 2168 597 2204; x_wconf 84' lang='lat' dir='ltr'>et</span> <span class='ocrx_word' id='word_1_175' title='bbox 626 2159 675 2203; x_wconf 87' lang='lat' dir='ltr'>C.</span> <span class='ocrx_word' id='word_1_176' title='bbox 705 2157 975 2202; x_wconf 81' lang='lat' dir='ltr'>Caesarem</span> <span class='ocrx_word' id='word_1_177' title='bbox 1006 2155 1297 2199; x_wconf 80' lang='lat' dir='ltr'>concordiae</span> <span class='ocrx_word' id='word_1_178' title='bbox 1310 2153 1497 2212; x_wconf 79' lang='lat' dir='ltr'>pignus</span> 
     </span>
     <span class='ocr_line' id='line_1_27' title="bbox 223 2237 991 2298; baseline -0.005 -13"><span class='ocrx_word' id='word_1_179' title='bbox 223 2240 361 2285; x_wconf 77' lang='lat' dir='ltr'>Jalia</span> <span class='ocrx_word' id='word_1_180' title='bbox 395 2256 519 2285; x_wconf 76' lang='lat' dir='ltr'>uxor</span> <span class='ocrx_word' id='word_1_181' title='bbox 551 2238 734 2298; x_wconf 80' lang='lat' dir='ltr'>Magni</span> <span class='ocrx_word' id='word_1_182' title='bbox 773 2237 991 2281; x_wconf 78' lang='lat' dir='ltr'>decessit.</span> 
     </span>
    </p>
   </div>
   <div class='ocr_carea' id='block_1_6' title="bbox 140 2487 1494 2556">
    <p class='ocr_par' dir='ltr' id='par_1_6' title="bbox 140 2487 1494 2556">
     <span class='ocr_line' id='line_1_28' title="bbox 140 2487 1494 2556; baseline -0.015 -16"><span class='ocrx_word' id='word_1_183' title='bbox 140 2503 210 2556; x_wconf 80' lang='lat'>¹⁹)</span> <span class='ocrx_word' id='word_1_184' title='bbox 251 2506 358 2539; x_wconf 78' lang='lat' dir='ltr'>Haec</span> <span class='ocrx_word' id='word_1_185' title='bbox 392 2501 654 2547; x_wconf 80' lang='lat' dir='ltr'>qualiacunque</span> <span class='ocrx_word' id='word_1_186' title='bbox 681 2501 869 2542; x_wconf 82' lang='lat' dir='ltr'>postquam</span> <span class='ocrx_word' id='word_1_187' title='bbox 904 2496 1128 2535; x_wconf 78' lang='lat' dir='ltr'>inveneram,</span> <span class='ocrx_word' id='word_1_188' title='bbox 1157 2489 1411 2526; x_wconf 72' lang='lat' dir='ltr'>animadverti.</span> <span class='ocrx_word' id='word_1_189' title='bbox 1449 2487 1494 2520; x_wconf 74' lang='lat' dir='ltr'>ui-</span> 
     </span>
    </p>
   </div>
   <div class='ocr_carea' id='block_1_7' title="bbox 242 2555 1494 2608">
    <p class='ocr_par' dir='ltr' id='par_1_7' title="bbox 242 2555 1494 2608">
     <span class='ocr_line' id='line_1_29' title="bbox 242 2555 1494 2608; baseline -0.016 0"><span class='ocrx_word' id='word_1_190' title='bbox 242 2573 369 2608; x_wconf 83' lang='lat' dir='ltr'>milem</span> <span class='ocrx_word' id='word_1_191' title='bbox 408 2571 444 2605; x_wconf 84' lang='lat' dir='ltr'>in</span> <span class='ocrx_word' id='word_1_192' title='bbox 481 2570 629 2604; x_wconf 86' lang='lat' dir='ltr'>modum</span> <span class='ocrx_word' id='word_1_193' title='bbox 667 2568 759 2601; x_wconf 84' lang='lat' dir='ltr'>haec</span> <span class='ocrx_word' id='word_1_194' title='bbox 783 2564 972 2599; x_wconf 76' lang='lat' dir='ltr'>coniecisse</span> <span class='ocrx_word' id='word_1_195' title='bbox 1006 2562 1215 2597; x_wconf 69' lang='lat' dir='ltr'>Heinsium:</span> <span class='ocrx_word' id='word_1_196' title='bbox 1256 2571 1329 2602; x_wconf 71' lang='lat' dir='ltr'>„cx</span> <span class='ocrx_word' id='word_1_197' title='bbox 1364 2555 1494 2590; x_wconf 63' lang='lat' dir='ltr'>insidi·</span> 
     </span>
    </p>
   </div>
   <div class='ocr_carea' id='block_1_8' title="bbox 245 2632 995 2688">
    <p class='ocr_par' dir='ltr' id='par_1_8' title="bbox 245 2632 995 2688">
     <span class='ocr_line' id='line_1_30' title="bbox 245 2632 995 2688; baseline -0.016 -10"><span class='ocrx_word' id='word_1_198' title='bbox 245 2641 426 2688; x_wconf 78' lang='lat' dir='ltr'>potentiae</span> <span class='ocrx_word' id='word_1_199' title='bbox 451 2651 493 2675; x_wconf 75' lang='lat' dir='ltr'>ac</span> <span class='ocrx_word' id='word_1_200' title='bbox 517 2637 704 2675; x_wconf 75' lang='lat' dir='ltr'>aemulata</span> <span class='ocrx_word' id='word_1_201' title='bbox 731 2632 995 2669; x_wconf 55' lang='lat' dir='ltr'>cohaerentis?</span> 
     </span>
    </p>
   </div>
  </div>
 </body>
</html>
