1715 3117
1412 208 1499 253 107

470 605 553 638 ven.
572 606 620 649 11,
641 603 717 639 109.
740 605 770 638 1.
797 618 831 652 p.
844 605 911 639 123
933 606 982 641 ed.
1004 605 1110 640 Oreu.

182 703 365 750 Bul-erius,
397 708 602 753 Exemplar,
634 710 760 755 inquit,
791 715 972 745 vetustum
1002 710 1054 744 sic
1083 710 1206 752 habet,
1238 714 1275 742 ut
1307 710 1421 753 potius
1453 712 1502 745 le—

82 772 242 817 gendum
281 773 482 808 existimem
517 777 654 821 Corpus
697 788 800 811 suum
839 777 1054 812 custoditum
1085 775 1275 820 imperium
1313 779 1501 822 perpetui..

82 845 207 876 contra
245 853 297 885 pr.
340 842 405 876 Ed.
439 854 472 887 p.
495 845 545 880 57
586 845 734 879 exhibet
770 846 908 890 corpus
945 856 1049 881 suum
1088 845 1251 879 custodia
1284 848 1360 879 tum
1396 845 1504 890 impe-

81 908 177 944 rium
205 913 272 944 etc.

713 995 866 1006 r..--..-—.

79 1067 284 1141 Iamiam
310 1099 356 1139 in
384 1109 440 1140 eo
465 1106 578 1155 erat,
611 1108 663 1141 ut
690 1095 839 1142 missis
871 1096 1070 1145 aliorum
1095 1098 1203 1146 VV.
1226 1097 1332 1145 DD.
1358 1110 1502 1144 tenta-

79 1171 287 1221 minibus
321 1172 418 1237 ipse
453 1173 581 1220 solus
615 1172 676 1220 ad
709 1174 958 1239 ingenium
988 1176 1310 1242 qualecunque
1345 1194 1502 1224 meum

78 1250 395 1299 exercendum
445 1252 735 1318 accingerer:
792 1270 937 1316 quum
980 1253 1069 1301 hac
1119 1255 1166 1300 in
1219 1272 1268 1301 re
1325 1255 1504 1319 egregie

77 1329 216 1376 etiam
262 1328 507 1377 adiuvaret
551 1349 575 1378 a
621 1331 855 1396 Sauppio,
904 1332 1206 1381 coniiciente:
1266 1335 1504 1382 Custodia

77 1411 245 1456 tuitus.
346 1409 507 1465 Quum
559 1424 715 1457 autem
753 1411 875 1457 inter
925 1428 1087 1458 onmes
1133 1425 1328 1474 constet,
1381 1415 1504 1460 simi-

75 1487 326 1540 litudinem
387 1490 728 1536 vocabulorum
780 1490 979 1536 maxime
1044 1508 1097 1537 ex
1160 1493 1328 1539 caussis
1392 1510 1502 1553 esse,

75 1567 247 1633 quibus
296 1568 520 1617 fallantur
556 1569 756 1628 librarii,
807 1569 949 1630 haec,
1001 1571 1198 1634 opinor,
1239 1572 1501 1619 coniectura

75 1646 171 1695 loci
199 1648 347 1696 nostri
385 1645 642 1694 rationibus
676 1646 783 1693 satis
816 1648 1086 1694 conveniet:

215 1777 249 1802 .‚‚
268 1743 465 1803 Corpus
497 1757 639 1787 suum
669 1743 894 1788 custodia
931 1743 1084 1787 tuitus
1114 1744 1378 1790 exercitum
1408 1744 1501 1790 ‚im-

208 1823 435 1882 peritum
485 1823 746 1882 perpetuis
807 1823 1054 1866 exercitiis
1109 1823 1182 1867 ad
1233 1823 1501 1869 Romanae

221 1903 514 1962 disciplinae
547 1901 776 1959 formam
809 1903 1112 1946 redactum“
1156 1913 1260 1948 cett.
1290 1900 1326 1947 I.

76 1991 272 2040 Nemini
307 2011 404 2040 non
441 1993 704 2059 apparebit,
739 1992 879 2039 verba
910 1992 988 2038 illa
1020 2002 1212 2053 petpet.
1249 2011 1307 2039 ex
1345 1997 1419 2039 ad
1436 1996 1497 2041 R.

77 2075 195 2118 disc.
231 2073 276 2131 f.
309 2092 348 2120 r.
391 2069 764 2128 adacter-,citum
810 2084 1017 2135 spectare
1058 2070 1379 2131 Marobodui,
1424 2073 1501 2135 qui

71 2151 288 2199 Romana
334 2151 580 2217 disciplina
635 2152 874 2198 Romanos
935 2166 1159 2214 superare
1216 2149 1497 2200 decreverat.

74 2229 401 2287 Quamobrem
451 2231 582 2297 quod
627 2231 750 2278 finiti
798 2230 868 2276 illi
914 2230 1118 2294 syllabae
1167 2239 1271 2276 tum
1304 2249 1501 2295 praepo-

72 2311 252 2357 suimus
280 2314 571 2372 exerchum,
607 2328 699 2357 non
740 2324 806 2357 est
835 2309 959 2374 quod
996 2310 1212 2373 pluribus
1246 2312 1497 2357 firmemus.

72 2389 274 2455 Sauppii
305 2392 458 2436 tuitus
493 2403 538 2436 et
566 2390 649 2437 illo
678 2390 779 2454 ipso
815 2403 860 2436 et
889 2389 1071 2436 Orellio
1103 2403 1295 2436 testante
1332 2407 1386 2436 ex
1414 2390 1498 2435 illo

71 2478 180 2514 tum
221 2469 342 2516 effici
378 2468 529 2516 debet.
607 2468 787 2515 Verum
827 2467 1118 2515 desideratur
1157 2469 1217 2515 ita
1261 2471 1500 2515 exercitus

71 2546 443 2596 Marcomannici
473 2548 663 2596 mentio.
733 2547 891 2604 Quare
927 2548 1145 2611 equidem
1177 2565 1285 2594 eum
1321 2561 1496 2594 tantum

69 2626 117 2672 in
152 2628 301 2675 finem
328 2642 459 2693 grato
490 2628 650 2676 animo
687 2627 817 2693 quod
838 2628 1071 2692 Sauppius
1105 2628 1271 2675 obtulit
1303 2627 1496 2690 accipie,

70 2719 120 2752 ut
142 2707 359 2758 lacunam
387 2727 530 2773 quam
568 2723 675 2757 ante
702 2728 741 2757 v.
775 2719 879 2757 tum
908 2726 1004 2757 esse
1041 2727 1308 2774 persuasum
1328 2708 1493 2766 babeo,
