1715 3117
195 181 289 229 144

190 307 302 356 dicit
358 309 643 358 inversiones
696 310 876 359 Velleio
930 312 1074 359 moris
1124 329 1253 372 esse,
1310 328 1463 361 tamen
1509 311 1554 360 h.
1590 314 1620 361 Ι.

189 391 370 453 quietis
401 391 594 438 minime
629 392 658 439 i.
695 404 762 438 est
796 409 837 455 q.
887 395 1159 451 somnium,
1203 393 1284 440 sed
1327 394 1617 441 denuntiatio

186 469 352 534 quietis
375 484 441 517 est
463 469 756 519 denuntiatio
777 472 947 532 somni,
979 471 1270 521 denuntiatio
1304 491 1388 540 per
1410 475 1615 539 quietem

187 547 442 596 dormienti
472 552 617 607 facta,
662 550 792 598 unde
827 554 1101 613 manifesta
1137 555 1277 616 quies
1312 553 1479 601 durior
1507 571 1616 600 sane

189 643 307 676 esset
339 630 570 694 loquutio.

712 761 818 827 Pag.
849 769 917 814 9¹7.
952 782 994 814 v.
1015 771 1083 814 11.

312 854 375 916 Π,
400 858 475 917 78.
505 872 543 903 1.
585 873 790 903 uxorem
814 858 1094 919 Pompeius.
1163 856 1236 903 De
1258 855 1527 906 inducendo
1548 885 1615 894 ——·

183 950 236 982 ut
282 936 367 982 alia
407 935 619 982 omittam
658 965 722 972 -—
765 955 807 984 v.
851 938 1077 981 redierat
1121 952 1219 982 non
1265 954 1457 1000 possum
1496 938 1610 1002 quin

182 1015 446 1063 dissentiam
491 1017 547 1062 ab
590 1015 785 1062 Orellio.
870 1014 1027 1072 Quam
1078 1014 1359 1079 Pompeium
1403 1016 1522 1063 inter
1567 1029 1612 1064 et

180 1094 447 1142 Antonium
493 1095 737 1142 antithesin
790 1113 885 1160 quo
938 1095 1173 1160 pertineat
1227 1096 1444 1160 explicari
1480 1097 1611 1144 iubet

182 1175 418 1236 Orellius‚
465 1192 566 1222 eam
613 1174 834 1238 equidem
881 1174 1075 1221 omnino
1113 1192 1208 1221 non
1241 1175 1445 1224 invenio.
1516 1175 1612 1224 Sed

181 1269 532 1321 componuntur
587 1254 633 1301 h.
672 1255 704 1302 l.
749 1255 1004 1318 Pompeius
1055 1255 1294 1302 Antonius
1341 1269 1385 1302 et
1425 1255 1611 1304 Caesar.

177 1334 468 1400 Paragraphi
512 1335 651 1382 huius
688 1353 762 1383 vv.
798 1337 1046 1383 Reclierat
1086 1338 1353 1398 Pompeias
1398 1339 1450 1382 in
1485 1338 1609 1390 Sici-

101 1462 108 1469 ,
176 1417 325 1471 liam,
369 1415 621 1462 Antonias
657 1417 708 1461 in
738 1417 1038 1477 provincias
1077 1416 1234 1480 quoad
1274 1433 1462 1463 sensum
1491 1434 1606 1464 con-

174 1495 434 1559 iungantur
458 1512 668 1542 Jnecesse
713 1507 780 1541 est
822 1513 932 1541 cum
976 1494 1030 1540 iis
1065 1513 1138 1542 vv.
1183 1514 1207 1541 a
1254 1495 1422 1560 quibus
1465 1497 1608 1543 altera

174 1576 341 1640 incipit
377 1574 527 1639 §plius
562 1576 773 1620 Interim
814 1575 1004 1619 Caesar
1035 1588 1079 1620 et
1102 1592 1143 1637 q.
1174 1593 1207 1622 s.
1275 1576 1472 1622 Enarrat
1494 1575 1607 1623 Vel-

174 1656 316 1717 leius,
357 1655 470 1702 dnm
503 1654 758 1719 Pompeius
795 1654 844 1700 in
871 1653 1059 1713 Sicilia,
1097 1655 1335 1701 Antonius
1372 1655 1419 1701 in
1456 1669 1604 1702 trans-

175 1736 370 1784 marinis
404 1733 661 1799 provineiis
681 1733 843 1793 fuerit,
872 1732 1117 1779 Caesarem
1139 1733 1186 1779 in
1208 1733 1397 1799 Illyrico
1414 1735 1604 1782 Delma-

175 1818 335 1882 tiaque
366 1829 606 1865 versatum
633 1830 744 1861 esse.
810 1812 969 1869 Quare
995 1833 1142 1878 quum
1168 1813 1391 1861 dicuntur
1417 1815 1511 1862 loci
1531 1815 1602 1862 illi

177 1898 347 1964 quibus
373 1896 546 1944 eodem
566 1909 782 1958 tempore
807 1895 985 1941 fuerint
999 1908 1089 1941 tres
1109 1895 1176 1941 illi
1187 1895 1287 1955 viri,
1324 1894 1441 1942 nihil
1462 1895 1601 1943 video

172 1978 221 2026 in
257 1995 414 2025 caussa
450 1995 547 2024 esse
564 1995 649 2023 cur
674 1975 861 2023 Velleio
895 1992 992 2021 non
1027 1974 1210 2021 licuerit
1250 1993 1444 2022 narrare
1480 1993 1600 2041 quae

175 2072 346 2107 narrat..
384 2085 447 2095 —-
479 2118 487 2124 ‘
517 2056 692 2123 Capitis
731 2073 788 2116 77
833 2055 968 2102 initio
1005 2054 1260 2119 Pompeius
1300 2056 1423 2103 circa
1458 2057 1600 2104 Mise-

175 2158 291 2187 num
324 2139 461 2185 fuisse
493 2137 688 2196 dicitur,
724 2153 818 2200 quo
854 2150 1106 2200 antequam
1137 2137 1430 2201 perveniret,
1467 2137 1600 2184 Mur-

177 2239 287 2267 cum
319 2220 368 2265 in
410 2218 567 2265 Sicilia
604 2218 927 2274 interfecerat3
985 2230 1088 2280 post
1135 2230 1290 2262 autem
1325 2234 1438 2281 pace
1475 2216 1599 2265 eirca

172 2298 409 2346 Misenum
439 2298 554 2345 inita
586 2298 635 2344 in
667 2296 874 2343 Siciliam
909 2295 1125 2343 redierat.
1193 2295 1304 2347 Vid.
1333 2297 1503 2344 Kraus.
1535 2296 1597 2344 ad

172 2398 245 2427 vv.
295 2380 514 2425 Statium
553 2386 722 2424 autem
752 2377 985 2422 stlat-cum
1033 2394 1069 2422 c.
1092 2393 1164 2437 77.
1195 2379 1235 2421 5.
1305 2376 1514 2442 Uterque
1550 2390 1596 2424 et

172 2457 423 2522 Pompeius
467 2471 513 2504 et
547 2456 811 2517 Antonius,
857 2473 947 2503 nec
986 2451 1081 2502 non
1121 2456 1201 2519 qui
1243 2475 1334 2503 una
1377 2475 1485 2503 cum
1523 2455 1595 2502 his

171 2538 319 2585 fuerat
341 2537 511 2584 Caesar
543 2554 640 2602 quo
670 2550 778 2600 post
810 2552 976 2601 pacem
1007 2535 1128 2583 circa
1152 2536 1388 2584 Misenum
1425 2536 1595 2588 factam

172 2615 498 2683 pertendet-int
531 2615 577 2663 h.
607 2617 638 2667 l.
674 2616 869 2680 exponit
905 2615 1131 2664 Velleius.
