1715 3117
193 233 293 269 xxn

194 353 380 412 peraeta
428 346 554 392 omni
597 345 928 409 impressione,
979 352 1026 392 et
1069 344 1191 409 typis
1236 343 1327 389 iam
1377 343 1620 405 discussis⁷

195 422 309 470 folia
359 437 479 468 nova
528 420 775 486 denuoque
827 420 1097 486 compositis
1142 421 1267 485 typis
1320 427 1421 467 orta
1474 438 1620 485 eaque

195 497 509 546 emendatiora
551 498 600 544 in
637 496 792 544 locum
832 497 1030 544 aliorum
1065 495 1315 543 substituta
1351 496 1457 545 sint.
1535 496 1621 542 Di-

194 582 306 622 cunt
355 574 498 639 igitur
546 580 793 637 usurpatas
843 590 944 620 esse
997 571 1181 620 chartas
1227 571 1330 618 illas
1376 589 1493 637 quas
1535 570 1622 620 nos

193 650 387 698 dicimus
431 648 730 710 „Cartons.“

310 739 454 802 Quod
495 741 682 787 omnino
728 757 934 804 unquam
965 739 1285 805 faetunffiesse
1324 755 1499 809 negare
1543 738 1622 783 vix

194 818 364 864 ausim:
415 834 474 863 ex
521 825 681 864 nostra
739 833 851 863 vero
899 811 1217 863 Berolinelfs'is
1268 814 1470 880 exempli
1516 830 1624 861 cum

193 892 546 957 Hamburgensi
574 892 821 939 collatione
844 891 962 938 illud
994 909 1080 956 pro
1115 900 1353 957 comperto
1382 890 1624 948 habemus,

194 970 507 1018 correctiones
545 967 649 1015 illas
680 985 775 1015 non
807 976 915 1032 post
951 974 1089 1033 typos
1125 969 1215 1014 iam
1248 968 1501 1027 discussos,
1543 964 1626 1012 sed

192 1047 241 1092 in
274 1046 387 1108 ipsis
409 1043 581 1091 tabulis
613 1044 779 1091 ferreis
801 1044 925 1109 typis
947 1046 1086 1091 etiam
1109 1045 1300 1091 consitis
1325 1045 1474 1091 factas
1508 1058 1625 1091 esse.

193 1120 407 1186 Singulis
449 1122 570 1167 enim
606 1122 655 1166 in
695 1120 881 1185 paginis
918 1120 1106 1184 singula
1138 1120 1283 1167 verba
1320 1119 1627 1184 singulaeque

193 1197 355 1245 literae
399 1196 559 1244 eadem
598 1198 646 1242 in
685 1213 778 1243 uno
820 1214 911 1261 qua
951 1197 1000 1242 in
1037 1195 1184 1243 altero
1224 1195 1436 1260 exemplo
1477 1194 1629 1240 forma

195 1281 328 1336 sunt3
374 1272 497 1319 idem
534 1273 583 1318 in
610 1271 822 1337 singulis
862 1271 1077 1318 versibus
1117 1271 1369 1319 verborum
1406 1286 1629 1318 numerus
1682 1293 1689 1325 ¹.

196 1357 294 1409 est,
335 1347 497 1395 eodem
536 1347 675 1394 modo
722 1347 947 1411 abruptae
991 1356 1099 1394 sunt
1137 1365 1305 1409 voees,
1349 1347 1511 1395 eodem
1549 1345 1630 1392 ab·

194 1424 442 1473 breviatae.
523 1424 684 1485 Quare
724 1425 924 1472 fortasse
955 1424 1151 1471 interest
1180 1422 1630 1489 bibliographorum,

194 1501 481 1565 disquirere,
524 1518 583 1546 an
615 1500 738 1547 idem
772 1500 898 1565 quod
934 1499 982 1546 in
1005 1498 1174 1548 velleii
1199 1500 1469 1548 Editionem
1492 1500 1629 1545 etiam

193 1578 241 1623 in
271 1577 388 1623 alios
421 1594 580 1623 omnes
606 1576 664 1622 ab
692 1575 872 1624 Eherto
906 1568 1292 1624 commemoratas
1313 1576 1459 1623 libros
1483 1574 1629 1623 eadat.

305 1665 775 1731 Trendelenburgius
811 1667 870 1716 V.
905 1666 978 1716 Cl.
1021 1686 1167 1732 quum
1201 1667 1471 1732 Hamburgi
1511 1673 1634 1714 esset

197 1742 307 1789 mihi
349 1760 450 1790 sese
504 1741 697 1789 eandem
736 1761 834 1790 rem
882 1745 931 1790 in
972 1761 1055 1790 sua
1089 1740 1382 1792 Aristotelici
1419 1743 1528 1790 libri
1575 1741 1632 1789 de

196 1821 351 1865 anima
377 1820 631 1882 conscripti
668 1818 867 1867 editione
905 1821 1118 1885 attigisse
1142 1821 1357 1870 ostendit.
1426 1819 1635 1881 Quivit·

195 1912 303 1959 pag.
315 1893 464 1943 XVII
500 1928 533 1956 ‚9
549 1894 774 1957 Exstitit9
807 1896 983 1960 inquit7
1008 1915 1159 1960 nuper
1175 1897 1232 1945 V.
1248 1898 1312 1945 D.
1334 1897 1385 1962 *)
1427 1897 1508 1960 qui
1534 1897 1646 1942 esse‘

196 1970 401 2034 aliquam
452 1971 771 2036 exemplorum
810 1969 1093 2019 Aldinorum
1146 1973 1504 2038 discrepantiam
1555 1970 1634 2017 do-

198 2063 310 2094 eens
344 2046 578 2111 duplicem
616 2049 969 2111 impressionem
1005 2051 1279 2098 statueretf‘

312 2136 613 2184 Petersenius
649 2156 854 2204 quoque⁷
901 2157 1038 2204 quem
1072 2139 1262 2187 laudare
1302 2140 1456 2204 p·²dor
1494 2144 1637 2198 vetat,

187 2213 403 2272 *conferri
435 2214 570 2260 iussit
606 2214 804 2262 Beckeri
835 2215 1005 2262 librum
1025 2251 1039 2277 7
1082 2218 1358 2280 inscriptum
1397 2215 1638 2262 Literatur

200 2288 281 2336 des
306 2288 677 2352 Demosthenes3
719 2291 776 2337 P.
794 2292 832 2340 I.
859 2290 1017 2356 p.863
1059 2292 1117 2341 P.
1133 2292 1197 2341 II.
1227 2311 1272 2356 p.
1291 2297 1388 2342 221
1423 2299 1469 2338 et
1496 2290 1636 2336 Hoff-

198 2366 351 2410 manni
380 2365 562 2411 lexicon
605 2365 714 2414 Vol.
739 2367 804 2416 II.
846 2387 892 2432 p.
917 2372 1097 2418 11-13.
1177 2365 1292 2414 Adii
1324 2369 1459 2415 etiam
1486 2365 1636 2412 Eber-

200 2449 298 2487 tum
319 2459 381 2486 ac¹
407 2459 532 2489 num.
560 2440 703 2489 5956
729 2443 923 2490 eandem
950 2462 1048 2490 rem
1080 2452 1368 2492 tractantem.
1448 2439 1637 2492 Deseri-

198 2515 264 2563 bu
300 2525 376 2564 tur
417 2518 537 2563 enim
578 2516 651 2564 his
690 2518 805 2566 loeis
847 2527 892 2566 et
931 2521 978 2565 in
1021 2538 1214 2567 examen
1250 2527 1477 2568 vocantur
1520 2517 1638 2564 duae

177 2601 223 2655 ‘t
279 2609 360 2639 sve
413 2590 617 2640 Aldinae
671 2594 1004 2643 Demosthenis
1052 2595 1293 2646 editiones,
1380 2595 1552 2644 Varias
1594 2600 1640 2641 et

260 2707 295 2753 ιιι)
343 2710 437 2751 „nn
464 2711 683 2746 Postolacka
720 2713 756 2747 in
781 2713 910 2748 libello
940 2714 1086 2749 Wiener
1115 2716 1245 2751 Jahrb.
1280 2686 1386 2752 *1831
1431 2711 1555 2747 fascic,
1578 2711 1645 2748 2⁸⁴⁸

337 2763 651 2812 Trendelenburg.
901 2772 906 2775 -
928 2769 986 2779 -
1001 2765 1022 2772 κ
