1715 3117
1406 217 1466 255 9¹)

408 480 739 541 cAPuw
777 480 1093 541 Lxxn.

494 594 582 629 ven.
598 594 644 638 11,
668 591 724 628 99.
747 592 872 640 p.115.
893 594 1000 629 emt.

150 722 178 740 „
194 690 279 733 Tib.
318 691 431 734 Nero
475 717 529 723 —-
558 697 661 734 mira
691 719 731 724 —
776 697 939 748 pietate
948 704 980 742 ,'
1011 696 1122 733 cuius
1164 707 1329 732 caussae
1366 709 1462 734 mox

38 757 230 800 detectae
256 767 362 808 sunt,
388 774 475 800 cum
505 759 548 800 C.
583 759 741 802 Caesar
763 763 996 815 mmpsisset
1025 763 1105 800 iam
1133 761 1290 800 virilem
1315 769 1463 813 tollam,

38 826 91 867 L.
119 829 217 868 icem
250 836 429 869 maturus
462 837 570 873 esset
599 832 724 878 υἱνίε,
760 845 811 870 ne
832 830 971 883 fulyor
995 843 1088 869 mus
1121 831 1331 869 orientium
1362 832 1450 869 inve

36 910 130 937 num
156 896 341 937 obstaret
364 899 537 937 initiicss
591 903 656 937 Ed.
690 915 741 947 pr.
769 915 801 947 p.
822 905 883 940 53.

685 1008 823 1020 zzz

40 1077 292 1171 Quamvis
322 1102 605 1150 emendandi
631 1106 787 1167 potius
822 1122 961 1166 quam
992 1103 1328 1169 interpretandi
1353 1105 1463 1152 Vel-

37 1180 117 1228 leii
170 1200 340 1228 munus
397 1183 445 1228 in
503 1199 578 1228 me
635 1183 946 1246 susceperim,
1011 1197 1165 1229 tamen
1217 1201 1365 1247 quum
1412 1183 1461 1230 in

38 1260 223 1308 edenda
254 1260 342 1307 hac
372 1260 566 1324 periodo
590 1280 614 1307 a
637 1261 917 1326 quibusdam
938 1279 1118 1321 eorum,
1149 1262 1230 1327 qui
1261 1275 1368 1308 aute
1391 1278 1464 1307 me

35 1339 153 1386 haec
205 1340 345 1386 verba
383 1340 504 1404 typis
540 1339 853 1400 mandarunt,
899 1339 1242 1388 discedendum
1278 1338 1461 1399 ducam,

37 1419 257 1483 profitear
301 1436 484 1465 necesse
521 1420 631 1479 erit,
681 1437 934 1483 quemnam
965 1436 1155 1465 sensum
1194 1419 1341 1466 inesse
1376 1437 1461 1482 pu-

33 1511 132 1544 tem
151 1498 199 1544 in
229 1498 381 1545 verbis
401 1500 538 1545 cuius
568 1516 776 1544 caussae
799 1516 913 1544 mox
947 1500 1170 1544 detectae
1194 1509 1319 1553 sunt,
1358 1516 1459 1546 mea

35 1577 261 1624 sententia
296 1578 430 1624 uncis
464 1595 559 1625 nou
592 1577 908 1624 includendis.
989 1576 1178 1641 Quippe
1213 1578 1327 1625 haec
1363 1579 1459 1642 ipsa

36 1658 175 1704 verba
230 1657 403 1704 claram
450 1658 606 1704 lucem
662 1660 864 1704 afferunt
923 1657 975 1702 iis
1029 1674 1147 1719 quae
1197 1671 1460 1721 sequuntur

36 1737 352 1782 dissimulata
376 1754 529 1782 caasa
554 1738 746 1781 consilii
769 1738 857 1781 sai.
910 1735 1072 1790 Quum
1098 1734 1294 1780 domum
1327 1735 1458 1782 dere-

34 1815 267 1880 linqueret
299 1814 544 1875 Tiberius,
586 1815 764 1862 nemini
804 1828 971 1861 notum
1002 1827 1118 1872 erat,
1151 1816 1458 1878 quamobrem

34 1895 436 1959 p1·ofieisce1·etur3
485 1908 644 1959 postea
680 1908 834 1941 autem
871 1900 1013 1952 (mox
1053 1912 1160 1939 eum
1198 1893 1247 1939 C.
1290 1893 1454 1939 Caesar

33 1974 306 2038 sumpsisset
334 1973 427 2020 iam
457 1974 642 2021 virilem
676 1974 872 2038 togam)
912 1973 1173 2019 amicorum
1212 1972 1454 2032 (adulato-

36 2070 234 2118 rumque
257 2081 323 2089 -
356 2066 407 2098 ut
432 2053 588 2117 ipsum
607 2053 849 2100 Velleium
873 2056 1109 2113 notemus)
1142 2071 1253 2098 cura
1285 2054 1456 2099 factum

34 2146 128 2191 est,
172 2146 226 2179 ut
259 2149 414 2179 sermo
450 2146 567 2179 esset
603 2133 649 2178 in
690 2134 832 2191 urbe,
869 2131 1113 2178 Tiberium
1150 2133 1244 2177 sola
1287 2146 1332 2177 et
1367 2131 1453 2177 hu-

34 2213 251 2260 manitate
287 2225 330 2257 et
363 2212 646 2273 benignitate
686 2229 796 2275 erga
832 2211 994 2258 Caium
1027 2226 1070 2257 et
1108 2212 1308 2258 Lucium
1340 2209 1452 2255 Cae—

33 2310 158 2340 sares
189 2303 459 2357 permotum
489 2291 812 2343 voluntarium
850 2292 896 2336 in
935 2291 1124 2337 exilium
1155 2290 1384 2353 migrasse.

165 2385 325 2432 Restat
380 2383 441 2430 ut'
480 2384 768 2447 ineptissimo
828 2385 897 2430 isti
956 2383 1182 2430 vocabulo
1231 2384 1353 2427 vit-is
1406 2397 1455 2429 ut

34 2466 244 2525 facilem,
271 2465 331 2511 ita
358 2477 530 2510 certam
557 2462 790 2510 medelam
828 2462 1146 2511 adhibeamus.
1202 2461 1452 2508 Disiunctis

35 2544 161 2592 enim
192 2543 374 2590 duabus
410 2543 536 2590 vocis
580 2542 788 2606 partibus
818 2541 976 2587 omnia
1006 2541 1147 2604 plana
1181 2555 1287 2586 sunt
1318 2555 1452 2603 atquo

34 2624 169 2670 clara.
277 2621 472 2668 Immaui
524 2619 706 2684 periodi
764 2620 958 2665 ‹·irouitu
1016 2619 1110 2664 veri
1166 2619 1450 2664 simillimum

34 2705 112 2758 fit,
145 2701 404 2766 praemissis
425 2699 647 2746 omnibns
683 2699 788 2757 illis,
832 2715 949 2760 quae
985 2699 1032 2743 in
1069 2696 1249 2743 landem
1279 2695 1453 2740 Tiberii

992 2770 1014 2807 7
1041 2765 1064 2788 ὅ
