1715 3117
197 208 290 256 116

413 331 530 391 sive:
579 336 868 381 socordia
901 331 1136 378 trahebat
1174 332 1383 376 aestiva.

414 410 534 458 sive:
581 421 828 470 torpore
1007 447 1037 471 ,‚
1267 445 1296 470 ,,

200 503 690 554 CeterumRhenanus
716 501 843 551 haud
867 503 963 551 scio
996 520 1053 549 an
1091 519 1190 550 non
1221 497 1365 549 verba
1396 499 1632 566 „agendo-

201 603 295 651 que
338 601 426 649 pro
458 584 683 631 tribunali
712 583 931 631 -ordine“
973 582 1132 630 incisis
1174 581 1423 629 includens
1465 598 1632 629 vocem
1688 577 1696 638 '⁴

203 665 444 712 tribunali
477 682 561 730 per
595 682 804 712 errorem
848 681 936 728 pro
971 680 1088 711 vero
1117 661 1348 709 adiectivo
1387 659 1447 708 ad
1479 679 1520 708 v.
1558 678 1635 707 07·-

204 744 320 792 dine
357 743 555 791 traxerit.

505 1017 840 1093 caru-1·
882 1030 1340 1091 Lxxxvn.

610 1155 697 1190 Vell.
713 1154 761 1198 ΙΙ,
791 1152 868 1187 118.
885 1154 914 1188 3.
951 1167 986 1200 p.
1005 1151 1071 1187 135
1091 1153 1143 1188 ed.
1156 1153 1265 1188 Oreu-

1704 1194 1715 1224 v1

313 1285 342 1303 „
353 1255 495 1295 Primo
533 1257 660 1308 iqitur
700 1269 854 1308 paucos
886 1269 985 1295 mox
1013 1255 1147 1308 pluris
1182 1256 1224 1294 in
1263 1255 1465 1294 societate
1500 1251 1646 1292 consili

203 1326 447 1378 prcecepicf‘
502 1329 568 1364 Ed.
599 1340 653 1373 pr.
687 1340 720 1373 p.
743 1328 805 1365 63.

208 1501 406 1571 Parum
460 1538 674 1572 accurate
717 1524 998 1588 interpretes
1038 1542 1223 1585 exea,
1281 1542 1400 1589 quae
1449 1525 1505 1570 ab
1550 1521 1645 1570 edi-

212 1607 341 1653 tione
386 1605 603 1669 principe
641 1606 889 1668 praebetur
932 1605 1166 1670 scriptura
1213 1607 1388 1651 consili
1411 1604 1644 1667 precepit

212 1687 483 1733 formarunt
522 1685 695 1730 consili
726 1686 928 1746 recepit,
968 1702 1129 1747 quum,
1164 1702 1223 1732 ne
1260 1683 1375 1747 quid
1411 1683 1644 1746 depereat,

216 1763 521 1812 scribendum
552 1762 786 1811 videatur:
840 1766 1159 1810 consiliorum
1193 1765 1394 1825 recepit.
1462 1762 1647 1810 Notum
1712 1780 1714 1783 ’

221 1858 290 1891 est
333 1843 483 1903 enirn,
527 1844 756 1910 syllabam
796 1862 937 1890 oram
982 1843 1030 1889 iu
1075 1845 1172 1890 fine
1210 1844 1468 1891 verborum
1509 1842 1644 1906 signo

220 1942 319 1972 non
351 1923 550 1970 absimili
571 1924 724 1970 forma
756 1923 916 1969 literae
931 1942 972 1985 p
1005 1923 1283 1987 consignari.
1344 1922 1647 1988 Quamquam

220 2022 316 2050 non
377 2003 673 2068 negandum,
741 2003 1137 2067 praepositionem
1192 2021 1327 2065 prae
1389 2003 1484 2049 fere
1552 2001 1648 2049 sola

220 2085 352 2130 litera
377 2101 417 2146 p
455 2084 654 2148 exprimi
688 2084 857 2143 solere,
890 2098 939 2129 ut
964 2102 1005 2146 P
1044 2102 1152 2130 cum
1182 2083 1279 2130 sola
1312 2083 1446 2130 litera
1475 2101 1503 2128 r
1535 2099 1648 2130 con-

225 2165 381 2209 fusum
431 2163 581 2227 putari
623 2162 775 2226 possit.
867 2162 922 2208 In
969 2163 1461 2226 sequentibus-autem
1512 2178 1648 2225 saepe
1689 2173 1697 2179 ‘

225 2242 418 2290 obvium
458 2254 526 2289 est
571 2245 776 2289 consilia
787 2261 805 2300 ;
856 2241 982 2289 uude
1037 2242 1130 2290 hoc
1180 2259 1368 2308 quoque
1411 2242 1520 2290 loco
1563 2260 1651 2289 nu-

226 2340 381 2370 merus
419 2323 616 2387 pluralis
653 2335 901 2386 usurpatus
930 2323 1030 2371 erit.
