<?xml version="1.0" encoding="UTF-8"?>
<!DOCTYPE html PUBLIC "-//W3C//DTD XHTML 1.0 Transitional//EN"
    "http://www.w3.org/TR/xhtml1/DTD/xhtml1-transitional.dtd">
<html xmlns="http://www.w3.org/1999/xhtml" xml:lang="en" lang="en">
 <head>
  <title>
</title>
<meta http-equiv="Content-Type" content="text/html;charset=utf-8" />
  <meta name='ocr-system' content='tesseract 3.04.00' />
  <meta name='ocr-capabilities' content='ocr_page ocr_carea ocr_par ocr_line ocrx_word'/>
</head>
<body>
  <div class='ocr_page' id='page_1' title='image "./locivelleianiine00lauruoft_0088.png"; bbox 0 0 1715 3117; ppageno 0'>
   <div class='ocr_carea' id='block_1_1' title="bbox 225 218 289 266">
    <p class='ocr_par' dir='ltr' id='par_1_1' title="bbox 225 218 289 266">
     <span class='ocr_line' id='line_1_1' title="bbox 225 218 289 266; baseline -0.031 0"><span class='ocrx_word' id='word_1_1' title='bbox 225 218 289 266; x_wconf 83' lang='lat'>60</span> 
     </span>
    </p>
   </div>
   <div class='ocr_carea' id='block_1_2' title="bbox 222 341 1648 564">
    <p class='ocr_par' dir='ltr' id='par_1_2' title="bbox 222 341 1648 564">
     <span class='ocr_line' id='line_1_2' title="bbox 225 341 1648 412; baseline 0 -22"><span class='ocrx_word' id='word_1_2' title='bbox 225 341 446 390; x_wconf 83' lang='lat' dir='ltr'>Ceterum</span> <span class='ocrx_word' id='word_1_3' title='bbox 500 341 814 406; x_wconf 84' lang='lat' dir='ltr'>antiquissima</span> <span class='ocrx_word' id='word_1_4' title='bbox 878 355 1043 412; x_wconf 54' lang='lat' dir='ltr'>potest·</span> <span class='ocrx_word' id='word_1_5' title='bbox 1085 359 1182 389; x_wconf 89' lang='lat' dir='ltr'>esse</span> <span class='ocrx_word' id='word_1_6' title='bbox 1241 343 1512 407; x_wconf 83' lang='lat' dir='ltr'><strong>corruptela</strong></span> <span class='ocrx_word' id='word_1_7' title='bbox 1572 343 1648 390; x_wconf 85' lang='lat' dir='ltr'>illa</span> 
     </span>
     <span class='ocr_line' id='line_1_3' title="bbox 222 422 1648 489; baseline 0 -19"><span class='ocrx_word' id='word_1_8' title='bbox 222 423 382 470; x_wconf 88' lang='lat' dir='ltr'>literae</span> <span class='ocrx_word' id='word_1_9' title='bbox 417 423 445 469; x_wconf 85' lang='lat' dir='ltr'><strong><em>b</em></strong></span> <span class='ocrx_word' id='word_1_10' title='bbox 479 439 569 488; x_wconf 82' lang='lat' dir='ltr'>pro</span> <span class='ocrx_word' id='word_1_11' title='bbox 602 425 639 469; x_wconf 81' lang='lat' dir='ltr'>d</span> <span class='ocrx_word' id='word_1_12' title='bbox 678 422 877 488; x_wconf 84' lang='lat' dir='ltr'>positae:</span> <span class='ocrx_word' id='word_1_13' title='bbox 931 440 1077 485; x_wconf 90' lang='lat' dir='ltr'>quum</span> <span class='ocrx_word' id='word_1_14' title='bbox 1115 436 1161 469; x_wconf 76' lang='lat' dir='ltr'>et</span> <span class='ocrx_word' id='word_1_15' title='bbox 1193 422 1242 469; x_wconf 88' lang='lat' dir='ltr'>in</span> <span class='ocrx_word' id='word_1_16' title='bbox 1272 422 1420 470; x_wconf 83' lang='lat' dir='ltr'>Fastis</span> <span class='ocrx_word' id='word_1_17' title='bbox 1459 422 1648 489; x_wconf 78' lang='lat' dir='ltr'>Capito-</span> 
     </span>
     <span class='ocr_line' id='line_1_4' title="bbox 223 501 1468 564; baseline 0 -14"><span class='ocrx_word' id='word_1_18' title='bbox 223 502 330 550; x_wconf 89' lang='lat' dir='ltr'>linis</span> <span class='ocrx_word' id='word_1_19' title='bbox 361 502 428 550; x_wconf 82' lang='lat' dir='ltr'>lit.</span> <span class='ocrx_word' id='word_1_20' title='bbox 450 503 504 548; x_wconf 91' lang='lat' dir='ltr'><em>D</em></span> <span class='ocrx_word' id='word_1_21' title='bbox 535 519 587 549; x_wconf 81' lang='lat' dir='ltr'>ca</span> <span class='ocrx_word' id='word_1_22' title='bbox 619 501 700 564; x_wconf 83' lang='lat' dir='ltr'>sit,</span> <span class='ocrx_word' id='word_1_23' title='bbox 734 516 787 549; x_wconf 87' lang='lat' dir='ltr'>ut</span> <span class='ocrx_word' id='word_1_24' title='bbox 819 502 1035 549; x_wconf 82' lang='lat' dir='ltr'>facillime</span> <span class='ocrx_word' id='word_1_25' title='bbox 1063 502 1112 549; x_wconf 92' lang='lat' dir='ltr'>in</span> <span class='ocrx_word' id='word_1_26' title='bbox 1145 502 1209 550; x_wconf 85' lang='lat' dir='ltr'>lit.</span> <span class='ocrx_word' id='word_1_27' title='bbox 1240 504 1289 548; x_wconf 93' lang='lat' dir='ltr'><em>B</em></span> <span class='ocrx_word' id='word_1_28' title='bbox 1323 503 1468 550; x_wconf 86' lang='lat' dir='ltr'>abeat.</span> 
     </span>
    </p>
   </div>
   <div class='ocr_carea' id='block_1_3' title="bbox 579 768 1232 866">
    <p class='ocr_par' dir='ltr' id='par_1_3' title="bbox 579 768 1232 866">
     <span class='ocr_line' id='line_1_5' title="bbox 579 768 1232 866; baseline 0.003 -3"><span class='ocrx_word' id='word_1_29' title='bbox 579 768 975 863; x_wconf 32' lang='lat' dir='ltr'>*cAPuw</span> <span class='ocrx_word' id='word_1_30' title='bbox 1044 803 1232 866; x_wconf 65' lang='lat' dir='ltr'>xnt</span> 
     </span>
    </p>
   </div>
   <div class='ocr_carea' id='block_1_4' title="bbox 757 915 1114 961">
    <p class='ocr_par' dir='ltr' id='par_1_4' title="bbox 757 915 1114 961">
     <span class='ocr_line' id='line_1_6' title="bbox 757 915 1114 961; baseline -0.017 -8"><span class='ocrx_word' id='word_1_31' title='bbox 757 918 847 953; x_wconf 79' lang='lat' dir='ltr'>vell.</span> <span class='ocrx_word' id='word_1_32' title='bbox 871 917 927 961; x_wconf 93' lang='lat'>11,</span> <span class='ocrx_word' id='word_1_33' title='bbox 957 915 1014 950; x_wconf 84' lang='lat'>59.</span> <span class='ocrx_word' id='word_1_34' title='bbox 1039 915 1114 950; x_wconf 85' lang='lat' dir='ltr'>init.</span> 
     </span>
    </p>
   </div>
   <div class='ocr_carea' id='block_1_5' title="bbox 219 1016 1694 1138">
    <p class='ocr_par' dir='ltr' id='par_1_5' title="bbox 219 1016 1694 1138">
     <span class='ocr_line' id='line_1_7' title="bbox 329 1016 1694 1071; baseline -0.002 -11"><span class='ocrx_word' id='word_1_35' title='bbox 329 1019 435 1069; x_wconf 72' lang='lat' dir='ltr'>„De</span> <span class='ocrx_word' id='word_1_36' title='bbox 459 1020 571 1059; x_wconf 74' lang='lat' dir='ltr'>cuius</span> <span class='ocrx_word' id='word_1_37' title='bbox 599 1019 756 1071; x_wconf 78' lang='lat' dir='ltr'>oriqine</span> <span class='ocrx_word' id='word_1_38' title='bbox 783 1017 947 1057; x_wconf 67' lang='lat' dir='ltr'>etiamsi</span> <span class='ocrx_word' id='word_1_39' title='bbox 963 1016 1182 1069; x_wconf 78' lang='lat' dir='ltr'>praevenit</span> <span class='ocrx_word' id='word_1_40' title='bbox 1211 1017 1277 1068; x_wconf 60' lang='grc' dir='ltr'>ξ,</span> <span class='ocrx_word' id='word_1_41' title='bbox 1305 1031 1441 1070; x_wconf 81' lang='lat' dir='ltr'>pauca</span> <span class='ocrx_word' id='word_1_42' title='bbox 1475 1018 1651 1059; x_wconf 74' lang='lat' dir='ltr'>dicenda</span> <span class='ocrx_word' id='word_1_43' title='bbox 1690 1033 1694 1057; x_wconf 74' lang='lat'><em>&lt;</em></span> 
     </span>
     <span class='ocr_line' id='line_1_8' title="bbox 219 1093 647 1138; baseline -0.016 -5"><span class='ocrx_word' id='word_1_44' title='bbox 219 1095 358 1132; x_wconf 70' lang='lat' dir='ltr'>sunt.“</span> <span class='ocrx_word' id='word_1_45' title='bbox 412 1094 479 1129; x_wconf 82' lang='lat' dir='ltr'>Ed.</span> <span class='ocrx_word' id='word_1_46' title='bbox 510 1105 562 1138; x_wconf 80' lang='lat' dir='ltr'>pr.</span> <span class='ocrx_word' id='word_1_47' title='bbox 583 1093 647 1130; x_wconf 86' lang='lat'>37.</span> 
     </span>
    </p>
   </div>
   <div class='ocr_carea' id='block_1_6' title="bbox 220 1253 1651 1739">
    <p class='ocr_par' dir='ltr' id='par_1_6' title="bbox 220 1253 1651 1739">
     <span class='ocr_line' id='line_1_9' title="bbox 222 1253 1651 1340; baseline -0.001 -18"><span class='ocrx_word' id='word_1_48' title='bbox 222 1253 470 1325; x_wconf 47' lang='lat' dir='ltr'>Iit-ansius</span> <span class='ocrx_word' id='word_1_49' title='bbox 515 1274 654 1323; x_wconf 87' lang='lat' dir='ltr'>edens</span> <span class='ocrx_word' id='word_1_50' title='bbox 681 1275 955 1338; x_wconf 77' lang='lat' dir='ltr'>praevenit</span> <span class='ocrx_word' id='word_1_51' title='bbox 994 1286 1038 1319; x_wconf 80' lang='lat' dir='ltr'>et</span> <span class='ocrx_word' id='word_1_52' title='bbox 1077 1291 1231 1337; x_wconf 84' lang='lat' dir='ltr'>pauca</span> <span class='ocrx_word' id='word_1_53' title='bbox 1287 1276 1440 1335; x_wconf 80' lang='lat' dir='ltr'><em>„Sic‚</em></span> <span class='ocrx_word' id='word_1_54' title='bbox 1478 1274 1651 1340; x_wconf 87' lang='lat' dir='ltr'>inquit,</span> 
     </span>
     <span class='ocr_line' id='line_1_10' title="bbox 220 1353 1650 1419; baseline -0.003 -14"><span class='ocrx_word' id='word_1_55' title='bbox 220 1359 380 1407; x_wconf 88' lang='lat' dir='ltr'>locum</span> <span class='ocrx_word' id='word_1_56' title='bbox 405 1357 538 1404; x_wconf 91' lang='lat' dir='ltr'>hunc</span> <span class='ocrx_word' id='word_1_57' title='bbox 564 1355 909 1403; x_wconf 76' lang='lat' dir='ltr'>vexatissimum</span> <span class='ocrx_word' id='word_1_58' title='bbox 934 1353 1318 1401; x_wconf 85' lang='lat' dir='ltr'>constituendum</span> <span class='ocrx_word' id='word_1_59' title='bbox 1339 1355 1516 1419; x_wconf 84' lang='lat' dir='ltr'>putavi,</span> <span class='ocrx_word' id='word_1_60' title='bbox 1550 1374 1650 1402; x_wconf 83' lang='lat' dir='ltr'>me-</span> 
     </span>
     <span class='ocr_line' id='line_1_11' title="bbox 224 1432 1650 1494; baseline -0.004 -9"><span class='ocrx_word' id='word_1_61' title='bbox 224 1441 391 1486; x_wconf 80' lang='lat' dir='ltr'>dicina</span> <span class='ocrx_word' id='word_1_62' title='bbox 426 1447 481 1483; x_wconf 79' lang='lat' dir='ltr'>ut</span> <span class='ocrx_word' id='word_1_63' title='bbox 520 1438 720 1482; x_wconf 72' lang='lat' dir='ltr'>videtur</span> <span class='ocrx_word' id='word_1_64' title='bbox 755 1436 1028 1494; x_wconf 83' lang='lat' dir='ltr'>facillima.</span> <span class='ocrx_word' id='word_1_65' title='bbox 1044 1441 1078 1462; x_wconf 68' lang='lat'>‘⁶</span> <span class='ocrx_word' id='word_1_66' title='bbox 1155 1432 1219 1478; x_wconf 85' lang='lat' dir='ltr'>At</span> <span class='ocrx_word' id='word_1_67' title='bbox 1253 1450 1365 1481; x_wconf 88' lang='lat' dir='ltr'>vero</span> <span class='ocrx_word' id='word_1_68' title='bbox 1408 1432 1525 1481; x_wconf 86' lang='lat' dir='ltr'>haec</span> <span class='ocrx_word' id='word_1_69' title='bbox 1553 1450 1650 1480; x_wconf 92' lang='lat' dir='ltr'>non</span> 
     </span>
     <span class='ocr_line' id='line_1_12' title="bbox 221 1512 1651 1577; baseline -0.003 -12"><span class='ocrx_word' id='word_1_70' title='bbox 221 1516 454 1565; x_wconf 82' lang='lat' dir='ltr'>medicina</span> <span class='ocrx_word' id='word_1_71' title='bbox 491 1528 583 1576; x_wconf 77' lang='lat' dir='ltr'>est,</span> <span class='ocrx_word' id='word_1_72' title='bbox 625 1513 708 1561; x_wconf 91' lang='lat' dir='ltr'>sed</span> <span class='ocrx_word' id='word_1_73' title='bbox 743 1527 897 1577; x_wconf 80' lang='lat' dir='ltr'>aperta</span> <span class='ocrx_word' id='word_1_74' title='bbox 933 1512 1274 1575; x_wconf 83' lang='lat' dir='ltr'>desperationis</span> <span class='ocrx_word' id='word_1_75' title='bbox 1314 1513 1568 1574; x_wconf 80' lang='lat' dir='ltr'>confessio,</span> <span class='ocrx_word' id='word_1_76' title='bbox 1605 1527 1651 1560; x_wconf 86' lang='lat' dir='ltr'>et</span> 
     </span>
     <span class='ocr_line' id='line_1_13' title="bbox 221 1579 1649 1661; baseline -0.002 -18"><span class='ocrx_word' id='word_1_77' title='bbox 221 1597 452 1646; x_wconf 88' lang='lat' dir='ltr'>levissima</span> <span class='ocrx_word' id='word_1_78' title='bbox 480 1596 691 1661; x_wconf 81' lang='lat' dir='ltr'>quidem,</span> <span class='ocrx_word' id='word_1_79' title='bbox 727 1610 877 1658; x_wconf 88' lang='lat' dir='ltr'>quum</span> <span class='ocrx_word' id='word_1_80' title='bbox 910 1593 1086 1639; x_wconf 87' lang='lat' dir='ltr'>nullius</span> <span class='ocrx_word' id='word_1_81' title='bbox 1108 1592 1166 1639; x_wconf 87' lang='lat' dir='ltr'>sit</span> <span class='ocrx_word' id='word_1_82' title='bbox 1199 1579 1440 1640; x_wconf 75' lang='lat' dir='ltr'>momenti.</span> <span class='ocrx_word' id='word_1_83' title='bbox 1497 1593 1649 1641; x_wconf 82' lang='lat' dir='ltr'>Lacu-</span> 
     </span>
     <span class='ocr_line' id='line_1_14' title="bbox 222 1673 1542 1739; baseline -0.003 -15"><span class='ocrx_word' id='word_1_84' title='bbox 222 1694 394 1724; x_wconf 84' lang='lat' dir='ltr'>narum</span> <span class='ocrx_word' id='word_1_85' title='bbox 432 1674 725 1739; x_wconf 75' lang='lat' dir='ltr'>investigatIO</span> <span class='ocrx_word' id='word_1_86' title='bbox 766 1673 935 1720; x_wconf 89' lang='lat' dir='ltr'>nullius</span> <span class='ocrx_word' id='word_1_87' title='bbox 969 1673 1106 1736; x_wconf 86' lang='lat' dir='ltr'>plane</span> <span class='ocrx_word' id='word_1_88' title='bbox 1147 1673 1317 1737; x_wconf 80' lang='lat' dir='ltr'>negotii</span> <span class='ocrx_word' id='word_1_89' title='bbox 1356 1690 1426 1719; x_wconf 81' lang='lat' dir='ltr'>res</span> <span class='ocrx_word' id='word_1_90' title='bbox 1461 1685 1542 1721; x_wconf 88' lang='lat' dir='ltr'>est.</span> 
     </span>
    </p>
   </div>
   <div class='ocr_carea' id='block_1_7' title="bbox 221 1766 1715 1991">
    <p class='ocr_par' dir='ltr' id='par_1_7' title="bbox 221 1766 1715 1991">
     <span class='ocr_line' id='line_1_15' title="bbox 352 1766 1651 1835; baseline -0.002 -19"><span class='ocrx_word' id='word_1_91' title='bbox 352 1768 586 1835; x_wconf 89' lang='lat' dir='ltr'>Equidem</span> <span class='ocrx_word' id='word_1_92' title='bbox 635 1768 849 1828; x_wconf 77' lang='lat' dir='ltr'>Goettio,</span> <span class='ocrx_word' id='word_1_93' title='bbox 894 1767 1149 1833; x_wconf 82' lang='lat' dir='ltr'>interprete</span> <span class='ocrx_word' id='word_1_94' title='bbox 1197 1768 1478 1828; x_wconf 85' lang='lat' dir='ltr'>vernaculo,</span> <span class='ocrx_word' id='word_1_95' title='bbox 1530 1766 1651 1815; x_wconf 89' lang='lat' dir='ltr'>duce</span> 
     </span>
     <span class='ocr_line' id='line_1_16' title="bbox 221 1846 1651 1915; baseline -0.002 -18"><span class='ocrx_word' id='word_1_96' title='bbox 221 1849 505 1915; x_wconf 85' lang='lat' dir='ltr'>iampridem</span> <span class='ocrx_word' id='word_1_97' title='bbox 556 1848 850 1896; x_wconf 83' lang='lat' dir='ltr'>conieceram</span> <span class='ocrx_word' id='word_1_98' title='bbox 894 1850 944 1894; x_wconf 84' lang='lat' dir='ltr'>iu</span> <span class='ocrx_word' id='word_1_99' title='bbox 989 1846 1118 1910; x_wconf 90' lang='lat' dir='ltr'>quod</span> <span class='ocrx_word' id='word_1_100' title='bbox 1165 1847 1407 1895; x_wconf 86' lang='lat' dir='ltr'>Baiterum</span> <span class='ocrx_word' id='word_1_101' title='bbox 1460 1864 1651 1912; x_wconf 88' lang='lat' dir='ltr'>quoque</span> 
     </span>
     <span class='ocr_line' id='line_1_17' title="bbox 222 1927 1715 1991; baseline 0.001 -15"><span class='ocrx_word' id='word_1_102' title='bbox 222 1929 284 1977; x_wconf 87' lang='lat' dir='ltr'>V.</span> <span class='ocrx_word' id='word_1_103' title='bbox 334 1929 396 1976; x_wconf 91' lang='lat' dir='ltr'>D.</span> <span class='ocrx_word' id='word_1_104' title='bbox 447 1929 716 1976; x_wconf 81' lang='lat' dir='ltr'>coniectura</span> <span class='ocrx_word' id='word_1_105' title='bbox 783 1927 998 1975; x_wconf 87' lang='lat' dir='ltr'>incidisse</span> <span class='ocrx_word' id='word_1_106' title='bbox 1063 1927 1306 1991; x_wconf 82' lang='lat' dir='ltr'>comperio</span> <span class='ocrx_word' id='word_1_107' title='bbox 1365 1945 1420 1975; x_wconf 85' lang='lat' dir='ltr'>ex</span> <span class='ocrx_word' id='word_1_108' title='bbox 1470 1927 1651 1976; x_wconf 88' lang='lat' dir='ltr'>Orellio</span> <span class='ocrx_word' id='word_1_109' title='bbox 1714 1974 1715 1978; x_wconf 74' lang='grc'>,</span> 
     </span>
    </p>
   </div>
   <div class='ocr_carea' id='block_1_8' title="bbox 222 2007 391 2057">
    <p class='ocr_par' dir='ltr' id='par_1_8' title="bbox 222 2007 391 2057">
     <span class='ocr_line' id='line_1_18' title="bbox 222 2007 391 2057; baseline -0.012 0"><span class='ocrx_word' id='word_1_110' title='bbox 222 2009 285 2057; x_wconf 87' lang='lat' dir='ltr'>V.</span> <span class='ocrx_word' id='word_1_111' title='bbox 321 2007 391 2055; x_wconf 92' lang='lat' dir='ltr'>Cl.</span> 
     </span>
    </p>
   </div>
   <div class='ocr_carea' id='block_1_9' title="bbox 223 2099 1715 2801">
    <p class='ocr_par' dir='ltr' id='par_1_9' title="bbox 223 2099 1715 2801">
     <span class='ocr_line' id='line_1_19' title="bbox 328 2099 1715 2167; baseline 0 -19"><span class='ocrx_word' id='word_1_112' title='bbox 328 2099 424 2148; x_wconf 89' lang='lat' dir='ltr'>Sed</span> <span class='ocrx_word' id='word_1_113' title='bbox 456 2100 578 2147; x_wconf 85' lang='lat' dir='ltr'>hanc</span> <span class='ocrx_word' id='word_1_114' title='bbox 612 2100 888 2164; x_wconf 87' lang='lat' dir='ltr'>opinionem</span> <span class='ocrx_word' id='word_1_115' title='bbox 924 2101 1066 2164; x_wconf 83' lang='lat' dir='ltr'>plane</span> <span class='ocrx_word' id='word_1_116' title='bbox 1096 2101 1282 2147; x_wconf 87' lang='lat' dir='ltr'>missam</span> <span class='ocrx_word' id='word_1_117' title='bbox 1311 2099 1427 2158; x_wconf 88' lang='lat' dir='ltr'>feci,</span> <span class='ocrx_word' id='word_1_118' title='bbox 1470 2117 1526 2148; x_wconf 83' lang='lat' dir='ltr'>ex</span> <span class='ocrx_word' id='word_1_119' title='bbox 1559 2117 1652 2164; x_wconf 92' lang='lat' dir='ltr'>quo</span> <span class='ocrx_word' id='word_1_120' title='bbox 1710 2114 1715 2167; x_wconf 51' lang='grc' dir='ltr'>ᾗ</span> 
     </span>
     <span class='ocr_line' id='line_1_20' title="bbox 223 2171 1715 2243; baseline 0 -16"><span class='ocrx_word' id='word_1_121' title='bbox 223 2180 458 2240; x_wconf 77' lang='lat' dir='ltr'>intellexi,</span> <span class='ocrx_word' id='word_1_122' title='bbox 493 2181 691 2228; x_wconf 85' lang='lat' dir='ltr'>verbum</span> <span class='ocrx_word' id='word_1_123' title='bbox 718 2182 1090 2243; x_wconf 81' lang='lat' dir='ltr'>praeveniendi</span> <span class='ocrx_word' id='word_1_124' title='bbox 1123 2198 1352 2243; x_wconf 85' lang='lat' dir='ltr'>nusquam</span> <span class='ocrx_word' id='word_1_125' title='bbox 1389 2180 1477 2227; x_wconf 89' lang='lat' dir='ltr'>alio</span> <span class='ocrx_word' id='word_1_126' title='bbox 1511 2197 1650 2233; x_wconf 83' lang='lat' dir='ltr'>sensu</span> <span class='ocrx_word' id='word_1_127' title='bbox 1712 2171 1715 2177; x_wconf 12' lang='grc' dir='ltr'>ζ</span> 
     </span>
     <span class='ocr_line' id='line_1_21' title="bbox 223 2258 1651 2324; baseline 0.001 -19"><span class='ocrx_word' id='word_1_128' title='bbox 223 2259 317 2323; x_wconf 86' lang='lat' dir='ltr'>legi</span> <span class='ocrx_word' id='word_1_129' title='bbox 348 2258 437 2305; x_wconf 87' lang='lat' dir='ltr'>nisi</span> <span class='ocrx_word' id='word_1_130' title='bbox 474 2270 526 2304; x_wconf 86' lang='lat' dir='ltr'>ut</span> <span class='ocrx_word' id='word_1_131' title='bbox 566 2259 624 2306; x_wconf 88' lang='lat' dir='ltr'>sit</span> <span class='ocrx_word' id='word_1_132' title='bbox 661 2259 689 2306; x_wconf 92' lang='lat' dir='ltr'>i.</span> <span class='ocrx_word' id='word_1_133' title='bbox 722 2276 763 2322; x_wconf 91' lang='lat' dir='ltr'>q.</span> <span class='ocrx_word' id='word_1_134' title='bbox 805 2271 1129 2322; x_wconf 83' lang='lat' dir='ltr'>praevertere,</span> <span class='ocrx_word' id='word_1_135' title='bbox 1175 2277 1426 2324; x_wconf 81' lang='lat' dir='ltr'>occupare.</span> <span class='ocrx_word' id='word_1_136' title='bbox 1504 2258 1651 2315; x_wconf 87' lang='lat' dir='ltr'>Quod</span> 
     </span>
     <span class='ocr_line' id='line_1_22' title="bbox 225 2338 1651 2405; baseline 0.001 -21"><span class='ocrx_word' id='word_1_137' title='bbox 225 2356 370 2401; x_wconf 89' lang='lat' dir='ltr'>quum</span> <span class='ocrx_word' id='word_1_138' title='bbox 398 2338 467 2385; x_wconf 75' lang='lat' dir='ltr'>‘ita</span> <span class='ocrx_word' id='word_1_139' title='bbox 487 2339 603 2399; x_wconf 84' lang='lat' dir='ltr'>sint,</span> <span class='ocrx_word' id='word_1_140' title='bbox 651 2338 890 2402; x_wconf 89' lang='lat' dir='ltr'>quomodo</span> <span class='ocrx_word' id='word_1_141' title='bbox 913 2339 1121 2387; x_wconf 87' lang='lat' dir='ltr'>Velleius</span> <span class='ocrx_word' id='word_1_142' title='bbox 1155 2338 1311 2387; x_wconf 78' lang='lat' dir='ltr'>dicere</span> <span class='ocrx_word' id='word_1_143' title='bbox 1345 2352 1528 2404; x_wconf 85' lang='lat' dir='ltr'>poterat</span> <span class='ocrx_word' id='word_1_144' title='bbox 1553 2356 1651 2405; x_wconf 84' lang='lat' dir='ltr'>sese</span> 
     </span>
     <span class='ocr_line' id='line_1_23' title="bbox 224 2418 1651 2483; baseline 0.001 -18"><span class='ocrx_word' id='word_1_145' title='bbox 224 2418 281 2465; x_wconf 87' lang='lat' dir='ltr'>ab</span> <span class='ocrx_word' id='word_1_146' title='bbox 309 2418 526 2482; x_wconf 86' lang='lat' dir='ltr'>Augusto</span> <span class='ocrx_word' id='word_1_147' title='bbox 554 2419 602 2464; x_wconf 88' lang='lat' dir='ltr'>in</span> <span class='ocrx_word' id='word_1_148' title='bbox 634 2418 782 2482; x_wconf 90' lang='lat' dir='ltr'>ipsius</span> <span class='ocrx_word' id='word_1_149' title='bbox 813 2419 906 2466; x_wconf 58' lang='lat' dir='ltr'>vita</span> <span class='ocrx_word' id='word_1_150' title='bbox 937 2418 1185 2466; x_wconf 81' lang='lat' dir='ltr'>scribenda</span> <span class='ocrx_word' id='word_1_151' title='bbox 1215 2433 1524 2483; x_wconf 83' lang='lat' dir='ltr'>praeventum</span> <span class='ocrx_word' id='word_1_152' title='bbox 1553 2436 1651 2466; x_wconf 87' lang='lat' dir='ltr'>esse</span> 
     </span>
     <span class='ocr_line' id='line_1_24' title="bbox 224 2496 1652 2562; baseline 0 -18"><span class='ocrx_word' id='word_1_153' title='bbox 224 2510 269 2544; x_wconf 85' lang='lat' dir='ltr'>et</span> <span class='ocrx_word' id='word_1_154' title='bbox 302 2496 626 2561; x_wconf 80' lang='lat' dir='ltr'>occupatum?</span> <span class='ocrx_word' id='word_1_155' title='bbox 725 2496 1031 2544; x_wconf 81' lang='lat' dir='ltr'>Praevenitur</span> <span class='ocrx_word' id='word_1_156' title='bbox 1067 2498 1260 2545; x_wconf 88' lang='lat' dir='ltr'>nonnisi</span> <span class='ocrx_word' id='word_1_157' title='bbox 1289 2498 1352 2558; x_wconf 83' lang='lat' dir='ltr'>is,</span> <span class='ocrx_word' id='word_1_158' title='bbox 1389 2498 1470 2562; x_wconf 81' lang='lat' dir='ltr'>qui</span> <span class='ocrx_word' id='word_1_159' title='bbox 1505 2496 1652 2561; x_wconf 81' lang='lat' dir='ltr'>etipse</span> 
     </span>
     <span class='ocr_line' id='line_1_25' title="bbox 223 2575 1656 2641; baseline 0.001 -19"><span class='ocrx_word' id='word_1_160' title='bbox 223 2575 496 2641; x_wconf 81' lang='lat' dir='ltr'>praevenire</span> <span class='ocrx_word' id='word_1_161' title='bbox 541 2576 780 2639; x_wconf 76' lang='lat' dir='ltr'>potuisset.</span> <span class='ocrx_word' id='word_1_162' title='bbox 881 2575 1190 2639; x_wconf 75' lang='lat' dir='ltr'>Quapropter</span> <span class='ocrx_word' id='word_1_163' title='bbox 1240 2594 1381 2624; x_wconf 89' lang='lat' dir='ltr'>nemo</span> <span class='ocrx_word' id='word_1_164' title='bbox 1413 2595 1543 2626; x_wconf 88' lang='lat' dir='ltr'>suam</span> <span class='ocrx_word' id='word_1_165' title='bbox 1579 2577 1656 2641; x_wconf 86' lang='lat' dir='ltr'>ip-</span> 
     </span>
     <span class='ocr_line' id='line_1_26' title="bbox 224 2653 1652 2721; baseline 0 -19"><span class='ocrx_word' id='word_1_166' title='bbox 224 2655 316 2702; x_wconf 89' lang='lat' dir='ltr'>sius</span> <span class='ocrx_word' id='word_1_167' title='bbox 361 2654 502 2702; x_wconf 79' lang='lat' dir='ltr'>vitam</span> <span class='ocrx_word' id='word_1_168' title='bbox 549 2653 861 2701; x_wconf 85' lang='lat' dir='ltr'>describendo</span> <span class='ocrx_word' id='word_1_169' title='bbox 904 2655 1144 2719; x_wconf 85' lang='lat' dir='ltr'>praevenit</span> <span class='ocrx_word' id='word_1_170' title='bbox 1186 2671 1324 2717; x_wconf 88' lang='lat' dir='ltr'>eum,</span> <span class='ocrx_word' id='word_1_171' title='bbox 1378 2655 1460 2721; x_wconf 87' lang='lat' dir='ltr'>qui</span> <span class='ocrx_word' id='word_1_172' title='bbox 1503 2656 1652 2703; x_wconf 85' lang='lat' dir='ltr'>tribus</span> 
     </span>
     <span class='ocr_line' id='line_1_27' title="bbox 223 2733 1656 2801; baseline 0 -19"><span class='ocrx_word' id='word_1_173' title='bbox 223 2735 379 2782; x_wconf 85' lang='lat' dir='ltr'>lustris</span> <span class='ocrx_word' id='word_1_174' title='bbox 415 2748 519 2799; x_wconf 82' lang='lat' dir='ltr'>post</span> <span class='ocrx_word' id='word_1_175' title='bbox 556 2733 682 2782; x_wconf 84' lang='lat' dir='ltr'>idem</span> <span class='ocrx_word' id='word_1_176' title='bbox 720 2752 842 2798; x_wconf 86' lang='lat' dir='ltr'>opus</span> <span class='ocrx_word' id='word_1_177' title='bbox 880 2734 1083 2799; x_wconf 76' lang='lat' dir='ltr'>suscipit.</span> <span class='ocrx_word' id='word_1_178' title='bbox 1171 2734 1299 2799; x_wconf 79' lang='lat' dir='ltr'>Ergo</span> <span class='ocrx_word' id='word_1_179' title='bbox 1342 2734 1400 2782; x_wconf 88' lang='lat' dir='ltr'>de</span> <span class='ocrx_word' id='word_1_180' title='bbox 1441 2734 1656 2801; x_wconf 79' lang='lat' dir='ltr'>Augusto</span> 
     </span>
    </p>
   </div>
  </div>
 </body>
</html>
