<?xml version="1.0" encoding="UTF-8"?>
<!DOCTYPE html PUBLIC "-//W3C//DTD XHTML 1.0 Transitional//EN"
    "http://www.w3.org/TR/xhtml1/DTD/xhtml1-transitional.dtd">
<html xmlns="http://www.w3.org/1999/xhtml" xml:lang="en" lang="en">
 <head>
  <title>
</title>
<meta http-equiv="Content-Type" content="text/html;charset=utf-8" />
  <meta name='ocr-system' content='tesseract 3.04.00' />
  <meta name='ocr-capabilities' content='ocr_page ocr_carea ocr_par ocr_line ocrx_word'/>
</head>
<body>
  <div class='ocr_page' id='page_1' title='image "./locivelleianiine00lauruoft_0140.png"; bbox 0 0 1715 3117; ppageno 0'>
   <div class='ocr_carea' id='block_1_1' title="bbox 191 183 287 231">
    <p class='ocr_par' dir='ltr' id='par_1_1' title="bbox 191 183 287 231">
     <span class='ocr_line' id='line_1_1' title="bbox 191 183 287 231; baseline -0.01 0"><span class='ocrx_word' id='word_1_1' title='bbox 191 183 287 231; x_wconf 82' lang='lat'><strong>112</strong></span> 
     </span>
    </p>
   </div>
   <div class='ocr_carea' id='block_1_2' title="bbox 189 301 1617 773">
    <p class='ocr_par' dir='ltr' id='par_1_2' title="bbox 189 301 1617 773">
     <span class='ocr_line' id='line_1_2' title="bbox 191 301 1616 356; baseline -0.004 -1"><span class='ocrx_word' id='word_1_2' title='bbox 191 308 319 356; x_wconf 90' lang='lat' dir='ltr'><strong>enim</strong></span> <span class='ocrx_word' id='word_1_3' title='bbox 348 319 426 354; x_wconf 86' lang='lat' dir='ltr'><strong>aut</strong></span> <span class='ocrx_word' id='word_1_4' title='bbox 452 306 612 354; x_wconf 88' lang='lat' dir='ltr'><strong>saltem</strong></span> <span class='ocrx_word' id='word_1_5' title='bbox 635 307 791 353; x_wconf 87' lang='lat' dir='ltr'><strong>minus</strong></span> <span class='ocrx_word' id='word_1_6' title='bbox 826 304 1140 353; x_wconf 86' lang='lat' dir='ltr'><strong>necessarium</strong></span> <span class='ocrx_word' id='word_1_7' title='bbox 1162 315 1230 351; x_wconf 91' lang='lat' dir='ltr'><strong>est</strong></span> <span class='ocrx_word' id='word_1_8' title='bbox 1253 302 1466 351; x_wconf 83' lang='lat' dir='ltr'><strong>additum</strong></span> <span class='ocrx_word' id='word_1_9' title='bbox 1494 301 1616 350; x_wconf 81' lang='lat' dir='ltr'><strong>illud</strong></span> 
     </span>
     <span class='ocr_line' id='line_1_3' title="bbox 192 381 1617 451; baseline -0.005 -15"><span class='ocrx_word' id='word_1_10' title='bbox 192 387 295 449; x_wconf 70' lang='lat' dir='ltr'><strong>sai,</strong></span> <span class='ocrx_word' id='word_1_11' title='bbox 329 401 484 451; x_wconf 86' lang='lat' dir='ltr'><strong>neque</strong></span> <span class='ocrx_word' id='word_1_12' title='bbox 513 385 644 434; x_wconf 86' lang='lat' dir='ltr'><strong>haud</strong></span> <span class='ocrx_word' id='word_1_13' title='bbox 675 386 739 433; x_wconf 87' lang='lat' dir='ltr'><strong>ita</strong></span> <span class='ocrx_word' id='word_1_14' title='bbox 768 401 940 433; x_wconf 80' lang='lat' dir='ltr'><strong>avero</strong></span> <span class='ocrx_word' id='word_1_15' title='bbox 966 382 1314 445; x_wconf 86' lang='lat' dir='ltr'><strong>aberrabimus,</strong></span> <span class='ocrx_word' id='word_1_16' title='bbox 1346 384 1384 430; x_wconf 88' lang='lat' dir='ltr'><strong>si</strong></span> <span class='ocrx_word' id='word_1_17' title='bbox 1413 382 1498 430; x_wconf 89' lang='lat' dir='ltr'><strong>sub</strong></span> <span class='ocrx_word' id='word_1_18' title='bbox 1531 381 1617 429; x_wconf 86' lang='lat' dir='ltr'><strong>illo</strong></span> 
     </span>
     <span class='ocr_line' id='line_1_4' title="bbox 189 462 1617 532; baseline -0.004 -18"><span class='ocrx_word' id='word_1_19' title='bbox 189 468 293 532; x_wconf 86' lang='lat' dir='ltr'><strong>ipso</strong></span> <span class='ocrx_word' id='word_1_20' title='bbox 324 466 583 532; x_wconf 83' lang='lat' dir='ltr'><strong>syllabam,</strong></span> <span class='ocrx_word' id='word_1_21' title='bbox 613 464 731 530; x_wconf 87' lang='lat' dir='ltr'><strong>quae</strong></span> <span class='ocrx_word' id='word_1_22' title='bbox 762 465 906 514; x_wconf 88' lang='lat' dir='ltr'><strong>verbo</strong></span> <span class='ocrx_word' id='word_1_23' title='bbox 934 463 1151 530; x_wconf 81' lang='lat' dir='ltr'><strong>sequenti</strong></span> <span class='ocrx_word' id='word_1_24' title='bbox 1176 462 1328 525; x_wconf 84' lang='lat' dir='ltr'><strong>deest,</strong></span> <span class='ocrx_word' id='word_1_25' title='bbox 1367 463 1446 509; x_wconf 75' lang='lat' dir='ltr'><strong>dis</strong></span> <span class='ocrx_word' id='word_1_26' title='bbox 1471 463 1617 510; x_wconf 85' lang='lat' dir='ltr'><strong>latere</strong></span> 
     </span>
     <span class='ocr_line' id='line_1_5' title="bbox 191 542 1617 608; baseline -0.003 -15"><span class='ocrx_word' id='word_1_27' title='bbox 191 557 457 593; x_wconf 84' lang='lat' dir='ltr'><strong>statuamus.</strong></span> <span class='ocrx_word' id='word_1_28' title='bbox 534 544 629 591; x_wconf 88' lang='lat' dir='ltr'><strong>Fac</strong></span> <span class='ocrx_word' id='word_1_29' title='bbox 670 542 900 608; x_wconf 77' lang='lat' dir='ltr'><strong>scriptum</strong></span> <span class='ocrx_word' id='word_1_30' title='bbox 932 543 1071 590; x_wconf 88' lang='lat' dir='ltr'><strong>fuisse</strong></span> <span class='ocrx_word' id='word_1_31' title='bbox 1111 543 1204 590; x_wconf 72' lang='lat' dir='ltr'><strong>dis:</strong></span> <span class='ocrx_word' id='word_1_32' title='bbox 1253 559 1308 589; x_wconf 84' lang='lat' dir='ltr'><strong>ex</strong></span> <span class='ocrx_word' id='word_1_33' title='bbox 1351 559 1446 608; x_wconf 89' lang='lat' dir='ltr'><strong>quo</strong></span> <span class='ocrx_word' id='word_1_34' title='bbox 1480 558 1617 606; x_wconf 88' lang='lat' dir='ltr'><strong>prae-</strong></span> 
     </span>
     <span class='ocr_line' id='line_1_6' title="bbox 190 612 1617 691; baseline -0.003 -18"><span class='ocrx_word' id='word_1_35' title='bbox 190 625 344 690; x_wconf 86' lang='lat' dir='ltr'><strong>posita</strong></span> <span class='ocrx_word' id='word_1_36' title='bbox 393 643 510 691; x_wconf 85' lang='lat' dir='ltr'><strong>quae</strong></span> <span class='ocrx_word' id='word_1_37' title='bbox 559 625 646 673; x_wconf 90' lang='lat' dir='ltr'><strong>fini</strong></span> <span class='ocrx_word' id='word_1_38' title='bbox 697 624 867 672; x_wconf 82' lang='lat' dir='ltr'><strong>ascribi</strong></span> <span class='ocrx_word' id='word_1_39' title='bbox 912 622 1112 671; x_wconf 87' lang='lat' dir='ltr'><strong>debebat</strong></span> <span class='ocrx_word' id='word_1_40' title='bbox 1156 612 1287 671; x_wconf 83' lang='lat' dir='ltr'><strong>litera</strong></span> <span class='ocrx_word' id='word_1_41' title='bbox 1331 642 1356 669; x_wconf 81' lang='lat' dir='ltr'><strong>s</strong></span> <span class='ocrx_word' id='word_1_42' title='bbox 1399 622 1617 670; x_wconf 83' lang='lat' dir='ltr'><strong>librarius</strong></span> 
     </span>
     <span class='ocr_line' id='line_1_7' title="bbox 190 703 1377 773; baseline -0.003 -18"><span class='ocrx_word' id='word_1_43' title='bbox 190 705 318 755; x_wconf 79' lang='lat' dir='ltr'><strong>istud</strong></span> <span class='ocrx_word' id='word_1_44' title='bbox 355 705 487 773; x_wconf 92' lang='lat' dir='ltr'><strong>quod</strong></span> <span class='ocrx_word' id='word_1_45' title='bbox 523 705 790 756; x_wconf 85' lang='lat' dir='ltr'><strong>notavimus</strong></span> <span class='ocrx_word' id='word_1_46' title='bbox 828 706 906 752; x_wconf 77' lang='lat' dir='ltr'><strong>sui</strong></span> <span class='ocrx_word' id='word_1_47' title='bbox 937 704 1143 753; x_wconf 86' lang='lat' dir='ltr'><strong>effecisse</strong></span> <span class='ocrx_word' id='word_1_48' title='bbox 1176 703 1377 753; x_wconf 87' lang='lat' dir='ltr'><strong>videtur.</strong></span> 
     </span>
    </p>
   </div>
   <div class='ocr_carea' id='block_1_3' title="bbox 534 1056 1265 1120">
    <p class='ocr_par' dir='ltr' id='par_1_3' title="bbox 534 1056 1265 1120">
     <span class='ocr_line' id='line_1_8' title="bbox 534 1056 1265 1120; baseline -0.004 -1"><span class='ocrx_word' id='word_1_49' title='bbox 534 1058 869 1119; x_wconf 69' lang='lat' dir='ltr'><strong>cAPU&#39;I·</strong></span> <span class='ocrx_word' id='word_1_50' title='bbox 919 1056 1265 1120; x_wconf 65' lang='lat' dir='ltr'><strong>LXXXV.</strong></span> 
     </span>
    </p>
   </div>
   <div class='ocr_carea' id='block_1_4' title="bbox 588 1178 1222 1227">
    <p class='ocr_par' dir='ltr' id='par_1_4' title="bbox 588 1178 1222 1227">
     <span class='ocr_line' id='line_1_9' title="bbox 588 1178 1222 1227; baseline -0.006 -9"><span class='ocrx_word' id='word_1_51' title='bbox 588 1181 679 1218; x_wconf 84' lang='lat' dir='ltr'><strong>Vell.</strong></span> <span class='ocrx_word' id='word_1_52' title='bbox 694 1181 743 1227; x_wconf 80' lang='grc' dir='ltr'><strong>ΙΙ,</strong></span> <span class='ocrx_word' id='word_1_53' title='bbox 764 1179 844 1216; x_wconf 90' lang='grc'>117.</span> <span class='ocrx_word' id='word_1_54' title='bbox 858 1178 891 1214; x_wconf 88' lang='grc'><strong>1.</strong></span> <span class='ocrx_word' id='word_1_55' title='bbox 914 1192 948 1226; x_wconf 83' lang='lat' dir='ltr'><strong>p.</strong></span> <span class='ocrx_word' id='word_1_56' title='bbox 962 1178 1031 1214; x_wconf 85' lang='lat'><strong>133</strong></span> <span class='ocrx_word' id='word_1_57' title='bbox 1051 1180 1103 1216; x_wconf 87' lang='lat' dir='ltr'><strong>ed.</strong></span> <span class='ocrx_word' id='word_1_58' title='bbox 1114 1180 1222 1216; x_wconf 88' lang='lat' dir='ltr'><strong>Orell.</strong></span> 
     </span>
    </p>
   </div>
   <div class='ocr_carea' id='block_1_5' title="bbox 186 1281 1625 1611">
    <p class='ocr_par' dir='ltr' id='par_1_5' title="bbox 186 1281 1625 1611">
     <span class='ocr_line' id='line_1_10' title="bbox 300 1281 1624 1337; baseline 0.001 -14"><span class='ocrx_word' id='word_1_59' title='bbox 300 1310 330 1332; x_wconf 82' lang='grc'><strong>,,</strong></span> <span class='ocrx_word' id='word_1_60' title='bbox 346 1281 445 1323; x_wconf 84' lang='lat' dir='ltr'><strong>Cam</strong></span> <span class='ocrx_word' id='word_1_61' title='bbox 467 1283 578 1323; x_wconf 68' lang='lat' dir='ltr'><strong>intra</strong></span> <span class='ocrx_word' id='word_1_62' title='bbox 601 1285 773 1337; x_wconf 78' lang='lat' dir='ltr'><strong>quinque</strong></span> <span class='ocrx_word' id='word_1_63' title='bbox 807 1284 1071 1322; x_wconf 73' lang='lat' dir='ltr'><strong>consummati</strong></span> <span class='ocrx_word' id='word_1_64' title='bbox 1095 1283 1204 1322; x_wconf 75' lang='lat' dir='ltr'><strong>tanti</strong></span> <span class='ocrx_word' id='word_1_65' title='bbox 1233 1285 1367 1334; x_wconf 72' lang='lat' dir='ltr'><strong>operis</strong></span> <span class='ocrx_word' id='word_1_66' title='bbox 1400 1282 1489 1322; x_wconf 80' lang='lat' dir='ltr'><strong>dies</strong></span> <span class='ocrx_word' id='word_1_67' title='bbox 1508 1284 1624 1335; x_wconf 78' lang='lat' dir='ltr'><strong>fane-</strong></span> 
     </span>
     <span class='ocr_line' id='line_1_11' title="bbox 189 1350 1625 1406; baseline -0.001 -13"><span class='ocrx_word' id='word_1_68' title='bbox 189 1359 282 1400; x_wconf 77' lang='lat' dir='ltr'><strong>stae</strong></span> <span class='ocrx_word' id='word_1_69' title='bbox 314 1367 373 1393; x_wconf 83' lang='lat' dir='ltr'><strong>ex</strong></span> <span class='ocrx_word' id='word_1_70' title='bbox 406 1351 628 1392; x_wconf 77' lang='lat' dir='ltr'><strong>Germania</strong></span> <span class='ocrx_word' id='word_1_71' title='bbox 653 1352 852 1405; x_wconf 76' lang='lat' dir='ltr'><strong>epistulae</strong></span> <span class='ocrx_word' id='word_1_72' title='bbox 885 1353 997 1392; x_wconf 75' lang='lat' dir='ltr'><strong>caesi</strong></span> <span class='ocrx_word' id='word_1_73' title='bbox 1031 1350 1133 1391; x_wconf 81' lang='lat' dir='ltr'><strong>Vari</strong></span> <span class='ocrx_word' id='word_1_74' title='bbox 1163 1352 1535 1406; x_wconf 75' lang='lat' dir='ltr'><strong>trucidatammqae</strong></span> <span class='ocrx_word' id='word_1_75' title='bbox 1571 1353 1625 1392; x_wconf 79' lang='lat' dir='ltr'><strong>le-</strong></span> 
     </span>
     <span class='ocr_line' id='line_1_12' title="bbox 187 1420 1624 1474; baseline -0.001 -12"><span class='ocrx_word' id='word_1_76' title='bbox 187 1422 351 1474; x_wconf 68' lang='lat' dir='ltr'><strong>yionum</strong></span> <span class='ocrx_word' id='word_1_77' title='bbox 378 1423 499 1462; x_wconf 79' lang='lat' dir='ltr'><strong>triam</strong></span> <span class='ocrx_word' id='word_1_78' title='bbox 531 1421 781 1474; x_wconf 78' lang='lat' dir='ltr'><strong>totidemque</strong></span> <span class='ocrx_word' id='word_1_79' title='bbox 812 1421 970 1461; x_wconf 80' lang='lat' dir='ltr'><strong>alaram</strong></span> <span class='ocrx_word' id='word_1_80' title='bbox 997 1428 1041 1459; x_wconf 79' lang='lat' dir='ltr'><strong>et</strong></span> <span class='ocrx_word' id='word_1_81' title='bbox 1076 1435 1155 1460; x_wconf 75' lang='lat' dir='ltr'><strong>sex</strong></span> <span class='ocrx_word' id='word_1_82' title='bbox 1184 1420 1409 1461; x_wconf 75' lang='lat' dir='ltr'><em>cohortium</em></span> <span class='ocrx_word' id='word_1_83' title='bbox 1437 1444 1487 1452; x_wconf 77' lang='lat'><em>-</em></span> <span class='ocrx_word' id='word_1_84' title='bbox 1510 1420 1624 1461; x_wconf 78' lang='lat' dir='ltr'><strong>velut</strong></span> 
     </span>
     <span class='ocr_line' id='line_1_13' title="bbox 191 1488 1624 1541; baseline 0.002 -13"><span class='ocrx_word' id='word_1_85' title='bbox 191 1491 233 1529; x_wconf 81' lang='lat' dir='ltr'><strong>z&#39;n</strong></span> <span class='ocrx_word' id='word_1_86' title='bbox 264 1489 342 1530; x_wconf 76' lang='lat' dir='ltr'><strong>hoc</strong></span> <span class='ocrx_word' id='word_1_87' title='bbox 370 1491 517 1530; x_wconf 74' lang='lat' dir='ltr'><strong>saltem</strong></span> <span class='ocrx_word' id='word_1_88' title='bbox 544 1490 817 1530; x_wconf 76' lang='lat' dir='ltr'><strong>tantummodo</strong></span> <span class='ocrx_word' id='word_1_89' title='bbox 842 1488 958 1528; x_wconf 75' lang='lat' dir='ltr'><strong>nobis</strong></span> <span class='ocrx_word' id='word_1_90' title='bbox 983 1488 1219 1541; x_wconf 71' lang='lat' dir='ltr'><strong>indalqente</strong></span> <span class='ocrx_word' id='word_1_91' title='bbox 1240 1490 1410 1540; x_wconf 77' lang='lat' dir='ltr'><strong>fortuna</strong></span> <span class='ocrx_word' id='word_1_92' title='bbox 1431 1504 1483 1530; x_wconf 79' lang='lat' dir='ltr'><strong>ne</strong></span> <span class='ocrx_word' id='word_1_93' title='bbox 1510 1503 1624 1531; x_wconf 76' lang='lat' dir='ltr'><strong>occu-</strong></span> 
     </span>
     <span class='ocr_line' id='line_1_14' title="bbox 186 1558 1569 1611; baseline 0.001 -12"><span class='ocrx_word' id='word_1_94' title='bbox 186 1565 290 1611; x_wconf 79' lang='lat' dir='ltr'><strong>pato</strong></span> <span class='ocrx_word' id='word_1_95' title='bbox 313 1559 515 1600; x_wconf 76' lang='lat' dir='ltr'><strong>dacendet</strong></span> <span class='ocrx_word' id='word_1_96' title='bbox 539 1572 663 1599; x_wconf 69' lang='lat' dir='ltr'><strong>caasa</strong></span> <span class='ocrx_word' id='word_1_97' title='bbox 686 1558 1023 1611; x_wconf 76' lang='lat' dir='ltr'><strong>persolauaoram</strong></span> <span class='ocrx_word' id='word_1_98' title='bbox 1046 1559 1228 1610; x_wconf 75' lang='lat' dir='ltr'><strong>exiyz&#39;c.“</strong></span> <span class='ocrx_word' id='word_1_99' title='bbox 1283 1563 1349 1597; x_wconf 88' lang='lat' dir='ltr'><strong>Ed.</strong></span> <span class='ocrx_word' id='word_1_100' title='bbox 1376 1575 1429 1608; x_wconf 84' lang='lat' dir='ltr'><strong>pr.</strong></span> <span class='ocrx_word' id='word_1_101' title='bbox 1456 1575 1490 1608; x_wconf 89' lang='lat' dir='ltr'><strong>p.</strong></span> <span class='ocrx_word' id='word_1_102' title='bbox 1505 1564 1569 1601; x_wconf 83' lang='lat'><strong>62.</strong></span> 
     </span>
    </p>
   </div>
   <div class='ocr_carea' id='block_1_6' title="bbox 846 1661 1003 1667">
    <p class='ocr_par' dir='ltr' id='par_1_6' title="bbox 846 1661 1003 1667">
     <span class='ocr_line' id='line_1_15' title="bbox 846 1661 1003 1667; baseline 0 0"><span class='ocrx_word' id='word_1_103' title='bbox 846 1661 1003 1667; x_wconf 95' lang='lat' dir='ltr'><strong> </strong></span> 
     </span>
    </p>
   </div>
   <div class='ocr_carea' id='block_1_7' title="bbox 193 1748 1632 1833">
    <p class='ocr_par' dir='ltr' id='par_1_7' title="bbox 193 1748 1632 1833">
     <span class='ocr_line' id='line_1_16' title="bbox 193 1748 1632 1833; baseline 0.002 -16"><span class='ocrx_word' id='word_1_104' title='bbox 193 1748 298 1821; x_wconf 77' lang='lat' dir='ltr'><strong>Est</strong></span> <span class='ocrx_word' id='word_1_105' title='bbox 337 1772 418 1820; x_wconf 90' lang='lat' dir='ltr'><strong>hic</strong></span> <span class='ocrx_word' id='word_1_106' title='bbox 458 1790 513 1820; x_wconf 84' lang='lat' dir='ltr'><strong>ex</strong></span> <span class='ocrx_word' id='word_1_107' title='bbox 558 1773 673 1821; x_wconf 87' lang='lat' dir='ltr'><strong>locis</strong></span> <span class='ocrx_word' id='word_1_108' title='bbox 714 1771 1026 1833; x_wconf 78' lang='lat' dir='ltr'><strong>difficillimis,</strong></span> <span class='ocrx_word' id='word_1_109' title='bbox 1075 1772 1153 1819; x_wconf 90' lang='lat' dir='ltr'><strong>cui</strong></span> <span class='ocrx_word' id='word_1_110' title='bbox 1194 1789 1280 1818; x_wconf 89' lang='lat' dir='ltr'><strong>nos</strong></span> <span class='ocrx_word' id='word_1_111' title='bbox 1333 1771 1515 1819; x_wconf 85' lang='lat' dir='ltr'><strong>utinam</strong></span> <span class='ocrx_word' id='word_1_112' title='bbox 1558 1772 1632 1820; x_wconf 81' lang='lat' dir='ltr'><strong>fa-&#39;</strong></span> 
     </span>
    </p>
   </div>
   <div class='ocr_carea' id='block_1_8' title="bbox 190 1851 1627 2411">
    <p class='ocr_par' dir='ltr' id='par_1_8' title="bbox 190 1851 1627 2411">
     <span class='ocr_line' id='line_1_17' title="bbox 194 1851 1621 1903; baseline -0.004 0"><span class='ocrx_word' id='word_1_113' title='bbox 194 1865 332 1903; x_wconf 86' lang='lat' dir='ltr'><strong>vente</strong></span> <span class='ocrx_word' id='word_1_114' title='bbox 366 1852 608 1902; x_wconf 80' lang='lat' dir='ltr'><strong>Minerva!</strong></span> <span class='ocrx_word' id='word_1_115' title='bbox 637 1882 705 1889; x_wconf 89' lang='lat'><strong>——-</strong></span> <span class='ocrx_word' id='word_1_116' title='bbox 746 1853 895 1901; x_wconf 85' lang='lat' dir='ltr'><strong>facem</strong></span> <span class='ocrx_word' id='word_1_117' title='bbox 934 1852 1145 1899; x_wconf 79' lang='lat' dir='ltr'><strong>criticam</strong></span> <span class='ocrx_word' id='word_1_118' title='bbox 1183 1851 1419 1899; x_wconf 80' lang='lat' dir='ltr'><strong>admoturi</strong></span> <span class='ocrx_word' id='word_1_119' title='bbox 1446 1870 1621 1899; x_wconf 84' lang='lat' dir='ltr'><strong>sumus.</strong></span> 
     </span>
     <span class='ocr_line' id='line_1_18' title="bbox 195 1932 1623 1999; baseline 0 -19"><span class='ocrx_word' id='word_1_120' title='bbox 195 1933 324 1980; x_wconf 87' lang='lat' dir='ltr'><strong>Illud</strong></span> <span class='ocrx_word' id='word_1_121' title='bbox 358 1951 468 1982; x_wconf 89' lang='lat' dir='ltr'><strong>vero</strong></span> <span class='ocrx_word' id='word_1_122' title='bbox 501 1934 710 1999; x_wconf 86' lang='lat' dir='ltr'><strong>primum</strong></span> <span class='ocrx_word' id='word_1_123' title='bbox 749 1932 982 1980; x_wconf 84' lang='lat' dir='ltr'><strong>concedas</strong></span> <span class='ocrx_word' id='word_1_124' title='bbox 1020 1949 1210 1979; x_wconf 87' lang='lat' dir='ltr'><strong>necesse</strong></span> <span class='ocrx_word' id='word_1_125' title='bbox 1247 1946 1339 1993; x_wconf 84' lang='lat' dir='ltr'><strong>est,</strong></span> <span class='ocrx_word' id='word_1_126' title='bbox 1369 1949 1473 1979; x_wconf 85' lang='lat' dir='ltr'><strong>eam</strong></span> <span class='ocrx_word' id='word_1_127' title='bbox 1505 1950 1623 1998; x_wconf 86' lang='lat' dir='ltr'><strong>qnae</strong></span> 
     </span>
     <span class='ocr_line' id='line_1_19' title="bbox 196 2011 1625 2078; baseline -0.001 -16"><span class='ocrx_word' id='word_1_128' title='bbox 196 2015 341 2076; x_wconf 84' lang='lat' dir='ltr'><strong>vulgo</strong></span> <span class='ocrx_word' id='word_1_129' title='bbox 372 2015 547 2060; x_wconf 78' lang='lat' dir='ltr'><strong>feratur</strong></span> <span class='ocrx_word' id='word_1_130' title='bbox 582 2014 678 2061; x_wconf 86' lang='lat' dir='ltr'><strong>loci</strong></span> <span class='ocrx_word' id='word_1_131' title='bbox 714 2013 995 2078; x_wconf 79' lang='lat' dir='ltr'><strong>scripturam</strong></span> <span class='ocrx_word' id='word_1_132' title='bbox 1030 2026 1075 2059; x_wconf 85' lang='lat' dir='ltr'><strong>et</strong></span> <span class='ocrx_word' id='word_1_133' title='bbox 1111 2011 1411 2060; x_wconf 85' lang='lat' dir='ltr'><strong>audaciorem.</strong></span> <span class='ocrx_word' id='word_1_134' title='bbox 1449 2030 1544 2060; x_wconf 85' lang='lat' dir='ltr'><strong>esse</strong></span> <span class='ocrx_word' id='word_1_135' title='bbox 1579 2027 1625 2060; x_wconf 88' lang='lat' dir='ltr'><strong>et</strong></span> 
     </span>
     <span class='ocr_line' id='line_1_20' title="bbox 197 2092 1624 2157; baseline -0.001 -17"><span class='ocrx_word' id='word_1_136' title='bbox 197 2094 347 2157; x_wconf 84' lang='lat' dir='ltr'><strong>ipsam</strong></span> <span class='ocrx_word' id='word_1_137' title='bbox 381 2111 566 2157; x_wconf 90' lang='lat' dir='ltr'><strong>quoque</strong></span> <span class='ocrx_word' id='word_1_138' title='bbox 602 2094 791 2140; x_wconf 88' lang='lat' dir='ltr'><strong>nonnisi</strong></span> <span class='ocrx_word' id='word_1_139' title='bbox 822 2094 989 2140; x_wconf 86' lang='lat' dir='ltr'><strong>lacuna</strong></span> <span class='ocrx_word' id='word_1_140' title='bbox 1023 2107 1207 2156; x_wconf 83' lang='lat' dir='ltr'><strong>sumpta</strong></span> <span class='ocrx_word' id='word_1_141' title='bbox 1240 2092 1438 2156; x_wconf 86' lang='lat' dir='ltr'><strong>intelligi</strong></span> <span class='ocrx_word' id='word_1_142' title='bbox 1475 2110 1624 2157; x_wconf 84' lang='lat' dir='ltr'><strong>posse.</strong></span> 
     </span>
     <span class='ocr_line' id='line_1_21' title="bbox 198 2171 1625 2240; baseline -0.001 -20"><span class='ocrx_word' id='word_1_143' title='bbox 198 2173 294 2220; x_wconf 88' lang='lat' dir='ltr'><strong>Sed</strong></span> <span class='ocrx_word' id='word_1_144' title='bbox 313 2173 472 2238; x_wconf 89' lang='lat' dir='ltr'><strong>accipe</strong></span> <span class='ocrx_word' id='word_1_145' title='bbox 501 2191 618 2240; x_wconf 90' lang='lat' dir='ltr'><strong>quae</strong></span> <span class='ocrx_word' id='word_1_146' title='bbox 646 2174 783 2221; x_wconf 88' lang='lat' dir='ltr'><strong>nobis</strong></span> <span class='ocrx_word' id='word_1_147' title='bbox 815 2192 912 2221; x_wconf 90' lang='lat' dir='ltr'><strong>non</strong></span> <span class='ocrx_word' id='word_1_148' title='bbox 942 2173 1164 2221; x_wconf 78' lang='lat' dir='ltr'><strong>invidisse</strong></span> <span class='ocrx_word' id='word_1_149' title='bbox 1187 2171 1374 2220; x_wconf 86' lang='lat' dir='ltr'><strong>videtur</strong></span> <span class='ocrx_word' id='word_1_150' title='bbox 1393 2172 1625 2219; x_wconf 80' lang='lat' dir='ltr'><strong>Fortuna:</strong></span> 
     </span>
     <span class='ocr_line' id='line_1_22' title="bbox 190 2260 1625 2315; baseline -0.001 -1"><span class='ocrx_word' id='word_1_151' title='bbox 190 2265 215 2295; x_wconf 39' lang='grc' dir='ltr'>ἕ</span> <span class='ocrx_word' id='word_1_152' title='bbox 332 2271 467 2314; x_wconf 80' lang='lat' dir='ltr'><strong>velat</strong></span> <span class='ocrx_word' id='word_1_153' title='bbox 506 2271 558 2315; x_wconf 83' lang='lat' dir='ltr'><strong>in</strong></span> <span class='ocrx_word' id='word_1_154' title='bbox 596 2270 689 2315; x_wconf 76' lang='lat' dir='ltr'><strong>hoc</strong></span> <span class='ocrx_word' id='word_1_155' title='bbox 727 2270 876 2315; x_wconf 72' lang='lat' dir='ltr'><strong>saltu</strong></span> <span class='ocrx_word' id='word_1_156' title='bbox 910 2270 1253 2314; x_wconf 75' lang='lat' dir='ltr'><strong>tantammodo</strong></span> <span class='ocrx_word' id='word_1_157' title='bbox 1289 2260 1430 2313; x_wconf 66' lang='lat' dir='ltr'><strong>nobis·</strong></span> <span class='ocrx_word' id='word_1_158' title='bbox 1462 2269 1625 2313; x_wconf 79' lang='lat' dir='ltr'><strong>indul-</strong></span> 
     </span>
     <span class='ocr_line' id='line_1_23' title="bbox 325 2350 1627 2411; baseline 0 -17"><span class='ocrx_word' id='word_1_159' title='bbox 325 2358 476 2411; x_wconf 79' lang='lat' dir='ltr'><strong>gente</strong></span> <span class='ocrx_word' id='word_1_160' title='bbox 516 2350 760 2395; x_wconf 80' lang='lat' dir='ltr'><strong>Fortuna.</strong></span> <span class='ocrx_word' id='word_1_161' title='bbox 862 2351 918 2391; x_wconf 68' lang='lat' dir='ltr'><strong>«A</strong></span> <span class='ocrx_word' id='word_1_162' title='bbox 953 2361 1047 2391; x_wconf 82' lang='lat' dir='ltr'><strong>me</strong></span> <span class='ocrx_word' id='word_1_163' title='bbox 1088 2351 1233 2394; x_wconf 78' lang='lat' dir='ltr'><strong>licet</strong></span> <span class='ocrx_word' id='word_1_164' title='bbox 1285 2356 1523 2410; x_wconf 78' lang='lat' dir='ltr'><strong>occupato</strong></span> <span class='ocrx_word' id='word_1_165' title='bbox 1560 2375 1627 2384; x_wconf 88' lang='lat'><strong>—-</strong></span> 
     </span>
    </p>
   </div>
   <div class='ocr_carea' id='block_1_9' title="bbox 334 2429 1561 2491">
    <p class='ocr_par' dir='ltr' id='par_1_9' title="bbox 334 2429 1561 2491">
     <span class='ocr_line' id='line_1_24' title="bbox 334 2429 1561 2491; baseline -0.004 -15"><span class='ocrx_word' id='word_1_166' title='bbox 334 2432 487 2476; x_wconf 71' lang='lat' dir='ltr'><strong>dacis</strong></span> <span class='ocrx_word' id='word_1_167' title='bbox 525 2436 588 2473; x_wconf 80' lang='lat' dir='ltr'><strong>et</strong></span> <span class='ocrx_word' id='word_1_168' title='bbox 619 2446 773 2475; x_wconf 76' lang='lat' dir='ltr'><strong>causa</strong></span> <span class='ocrx_word' id='word_1_169' title='bbox 807 2434 870 2471; x_wconf 82' lang='lat' dir='ltr'><strong>et</strong></span> <span class='ocrx_word' id='word_1_170' title='bbox 895 2445 1121 2491; x_wconf 78' lang='lat' dir='ltr'><strong>persona</strong></span> <span class='ocrx_word' id='word_1_171' title='bbox 1161 2444 1357 2474; x_wconf 83' lang='lat' dir='ltr'><strong>moram</strong></span> <span class='ocrx_word' id='word_1_172' title='bbox 1395 2429 1561 2489; x_wconf 78' lang='lat' dir='ltr'><strong>exigit.</strong></span> 
     </span>
    </p>
   </div>
   <div class='ocr_carea' id='block_1_10' title="bbox 201 2535 1627 2678">
    <p class='ocr_par' dir='ltr' id='par_1_10' title="bbox 201 2535 1627 2678">
     <span class='ocr_line' id='line_1_25' title="bbox 201 2535 1627 2604; baseline -0.002 -21"><span class='ocrx_word' id='word_1_173' title='bbox 201 2536 437 2601; x_wconf 86' lang='lat' dir='ltr'><strong>Tangitur</strong></span> <span class='ocrx_word' id='word_1_174' title='bbox 474 2536 521 2587; x_wconf 87' lang='lat' dir='ltr'><strong>h.</strong></span> <span class='ocrx_word' id='word_1_175' title='bbox 555 2539 585 2584; x_wconf 92' lang='lat' dir='ltr'><strong>l.</strong></span> <span class='ocrx_word' id='word_1_176' title='bbox 626 2538 745 2585; x_wconf 86' lang='lat' dir='ltr'><strong>illud</strong></span> <span class='ocrx_word' id='word_1_177' title='bbox 787 2537 918 2604; x_wconf 85' lang='lat' dir='ltr'><strong>quod</strong></span> <span class='ocrx_word' id='word_1_178' title='bbox 964 2555 1106 2601; x_wconf 86' lang='lat' dir='ltr'><strong>supra</strong></span> <span class='ocrx_word' id='word_1_179' title='bbox 1153 2555 1253 2602; x_wconf 89' lang='lat' dir='ltr'><strong>cap.</strong></span> <span class='ocrx_word' id='word_1_180' title='bbox 1293 2537 1380 2584; x_wconf 91' lang='lat'><strong>105</strong></span> <span class='ocrx_word' id='word_1_181' title='bbox 1432 2535 1627 2600; x_wconf 82' lang='lat' dir='ltr'><strong>legitur:</strong></span> 
     </span>
     <span class='ocr_line' id='line_1_26' title="bbox 202 2618 1625 2678; baseline -0.001 -15"><span class='ocrx_word' id='word_1_182' title='bbox 202 2627 375 2664; x_wconf 77' lang='lat' dir='ltr'><strong>nostra</strong></span> <span class='ocrx_word' id='word_1_183' title='bbox 427 2620 568 2667; x_wconf 82' lang='lat' dir='ltr'><strong>clade</strong></span> <span class='ocrx_word' id='word_1_184' title='bbox 617 2620 794 2666; x_wconf 76' lang='lat' dir='ltr'><strong>nobilis</strong></span> <span class='ocrx_word' id='word_1_185' title='bbox 858 2621 1101 2665; x_wconf 75' lang='lat' dir='ltr'><strong>transitus</strong></span> <span class='ocrx_word' id='word_1_186' title='bbox 1159 2618 1390 2678; x_wconf 78' lang='lat' dir='ltr'><strong>Visurgis</strong></span> <span class='ocrx_word' id='word_1_187' title='bbox 1403 2634 1422 2674; x_wconf 89' lang='grc'><strong>,·</strong></span> <span class='ocrx_word' id='word_1_188' title='bbox 1465 2632 1625 2678; x_wconf 83' lang='lat' dir='ltr'><strong>quam-</strong></span> 
     </span>
    </p>
   </div>
   <div class='ocr_carea' id='block_1_11' title="bbox 1713 2404 1715 2480">
    <p class='ocr_par' dir='ltr' id='par_1_11' title="bbox 1713 2404 1715 2480">
     <span class='ocr_line' id='line_1_27' title="bbox 1713 2404 1715 2420; baseline 0 0"><span class='ocrx_word' id='word_1_189' title='bbox 1713 2404 1715 2420; x_wconf 63' lang='lat'>1</span> 
     </span>
     <span class='ocr_line' id='line_1_28' title="bbox 1714 2459 1715 2480; baseline 0 0"><span class='ocrx_word' id='word_1_190' title='bbox 1714 2459 1715 2480; x_wconf 60' lang='lat'>1</span> 
     </span>
    </p>
   </div>
   <div class='ocr_carea' id='block_1_12' title="bbox 1713 2496 1715 2576">
    <p class='ocr_par' dir='ltr' id='par_1_12' title="bbox 1713 2496 1715 2601">
     <span class='ocr_line' id='line_1_29' title="bbox 1713 2496 1715 2576; baseline 0 25"><span class='ocrx_word' id='word_1_191' title='bbox 1713 2496 1715 2576; x_wconf 60' lang='lat' dir='ltr'><strong>l</strong></span> 
     </span>
    </p>
   </div>
   <div class='ocr_carea' id='block_1_13' title="bbox 203 2693 1715 2762">
    <p class='ocr_par' dir='ltr' id='par_1_13' title="bbox 203 2693 1715 2762">
     <span class='ocr_line' id='line_1_30' title="bbox 203 2693 1715 2762; baseline -0.005 -15"><span class='ocrx_word' id='word_1_192' title='bbox 203 2715 344 2762; x_wconf 81' lang='lat' dir='ltr'><strong>quam</strong></span> <span class='ocrx_word' id='word_1_193' title='bbox 406 2698 503 2746; x_wconf 81' lang='lat' dir='ltr'><strong>illic</strong></span> <span class='ocrx_word' id='word_1_194' title='bbox 558 2698 844 2746; x_wconf 84' lang='lat' dir='ltr'><strong>vocabulum</strong></span> <span class='ocrx_word' id='word_1_195' title='bbox 888 2707 1062 2744; x_wconf 80' lang='lat' dir='ltr'><strong>nostra</strong></span> <span class='ocrx_word' id='word_1_196' title='bbox 1121 2697 1171 2744; x_wconf 89' lang='lat' dir='ltr'><strong>in</strong></span> <span class='ocrx_word' id='word_1_197' title='bbox 1234 2696 1508 2743; x_wconf 85' lang='lat' dir='ltr'><strong>universum</strong></span> <span class='ocrx_word' id='word_1_198' title='bbox 1564 2693 1626 2740; x_wconf 81' lang='lat' dir='ltr'><strong>ad</strong></span> <span class='ocrx_word' id='word_1_199' title='bbox 1714 2724 1715 2733; x_wconf 44' lang='lat'>1</span> 
     </span>
    </p>
   </div>
  </div>
 </body>
</html>
