1715 3117
160 310 163 313 Δ
190 251 270 292 xiv

190 369 430 416 lectionem
468 371 742 432 assequutus
780 369 888 414 sit.“
964 367 1070 416 vid.
1104 367 1222 416 Veli.
1257 385 1314 414 ex
1342 368 1411 414 ed.
1433 366 1600 415 Pir-aus.

190 465 234 510 p.
257 443 341 491 52.
418 443 578 504 Quid?
629 457 739 490 num
782 443 1064 503 Rhenanus,
1104 451 1349 508 postquam
1388 444 1486 506 ipse
1526 460 1599 491 eo-

191 521 339 568 dicem
369 519 636 584 descripsit,
676 519 939 566 coniectura
966 518 1128 566 incidit
1164 522 1211 565 in
1249 518 1397 582 ipsius
1428 518 1601 566 codicis

192 614 328 663 quem
383 607 567 660 quoque
613 595 833 658 temporis
882 602 1112 642 momento
1155 596 1385 658 inspicere
1423 602 1603 658 poterat

191 671 474 737 scripturas?
551 670 673 736 Rem
721 671 830 716 satis
882 672 1044 717 miram
1093 678 1303 717 narraret
1354 671 1601 730 Rrausius,

192 747 438 796 dummodo
477 763 586 792 vera
625 753 757 793 esset.
835 742 904 792 At
926 763 1036 793 vero
1073 763 1191 810 quae
1226 745 1305 792 ille
1339 764 1423 808 pro
1454 733 1601 810 ipsius

191 825 360 874 codicis
399 821 700 881 lectionibus,
751 839 778 867 a
818 821 1014 868 Burerio
1053 821 1240 882 relatis,
1292 820 1460 882 habet,
1520 838 1600 868 eae

189 900 372 948 Burerii
427 899 674 945 nescientis
733 898 1021 945 coniecturae
1084 905 1217 957 sunt,
1286 899 1366 961 qui
1430 896 1602 944 codicis

191 976 461 1024 auctoritate
510 974 643 1019 inniti
699 979 883 1035 putaret
932 989 1049 1037 quae
1088 971 1346 1019 Rhenanus
1403 973 1603 1036 margini

191 1052 477 1113 ascripserat.
553 1048 611 1093 Id
651 1047 776 1111 quod
821 1046 957 1110 plane
995 1050 1274 1111 perspicitur
1317 1065 1374 1094 ex
1408 1047 1603 1112 pag-59

191 1148 239 1175 v.
264 1124 336 1172 25
380 1123 470 1171 Ed.
506 1141 602 1187 pr.3
657 1121 686 1167 l.
708 1122 772 1167 II.
813 1140 852 1169 c.
881 1120 984 1168 112
1018 1125 1052 1180 ᾗ.
1083 1119 1133 1168 5.
1179 1123 1319 1183 ,Quo
1352 1123 1456 1170 loco
1488 1123 1603 1171 Edi-

191 1203 329 1252 tionis
349 1198 569 1266 principis
593 1200 641 1244 in
660 1198 868 1244 oratione
889 1205 982 1244 est:
1005 1198 1395 1265 diriqentibusque
1416 1205 1606 1245 etiam
1645 1196 1661 1215 ⁶

190 1296 304 1328 ausa
349 1275 592 1340 conqredi3
643 1274 691 1319 in
725 1273 934 1337 margine
971 1273 1164 1338 legitur:
1211 1271 1360 1333 „Al’s
1409 1272 1603 1322 *ac-iem.

191 1352 274 1403 Ad
294 1353 407 1400 haec
442 1349 679 1398 Burerius:
716 1381 750 1409 „
762 1348 1020 1412 exemplar,
1060 1350 1239 1413 inquit,
1276 1356 1408 1396 vetus
1448 1349 1603 1409 habet,

192 1428 591 1493 dirigentihusque
642 1426 802 1474 aciem.
841 1424 978 1471 lectio
1027 1426 1172 1488 igitur
1215 1424 1484 1488 marginalis
1531 1441 1602 1471 re-

191 1512 389 1570 ponatur
434 1505 482 1550 in
527 1501 736 1549 ordinem
783 1500 966 1547 suum!6
1056 1497 1126 1547 At
1176 1500 1387 1556 consulas
1436 1496 1603 1547 Amer-

191 1580 427 1638 lJachium,
477 1577 600 1642 apud
641 1594 776 1640 quem
821 1574 1003 1622 Orellio
1041 1594 1089 1638 Ρ.
1118 1572 1222 1622 128
1263 1575 1332 1622 ed.
1373 1590 1483 1623 suae
1506 1571 1603 1622 *au-

194 1665 320 1705 ctore
346 1653 624 1702 vocabulum
662 1653 825 1699 nciam
863 1653 1225 1715 superscriptum
1266 1657 1336 1698 est
1375 1650 1604 1699 vocabulo

195 1735 357 1792 aciem,
378 1737 431 1776 ut
461 1736 695 1794 appareat,
718 1727 803 1774 hac
824 1727 872 1773 in
895 1744 947 1773 re
971 1725 1243 1773 dubitationi
1262 1726 1420 1773 locum
1443 1727 1604 1786 fuisse,

194 1824 343 1871 neque
380 1805 569 1871 planum
609 1803 855 1849 admodum
892 1803 1036 1849 fuisse
1069 1810 1225 1850 utrum
1262 1819 1348 1866 pro
1387 1804 1526 1849 etiam
1545 1817 1605 1849 an

194 1900 279 1948 pro
314 1884 457 1930 aciem
497 1878 816 1943 accipiendum
856 1886 978 1924 esset
1013 1876 1156 1939 illud,
1195 1877 1319 1941 quod
1359 1877 1483 1924 haud
1520 1877 1602 1923 du-

195 1958 269 2005 bie
323 1959 371 2003 in
428 1956 582 2003 codice
639 1956 847 2014 exstitit,
913 1955 1076 2000 aciam.
1190 1953 1411 2000 Efficitur
1471 1959 1604 2016 ergo,

194 2033 470 2079 Rhenanum
518 2032 662 2094 ipsius
710 2029 883 2077 codicis
934 2030 1209 2091 scripturam
1248 2030 1398 2075 aciam
1444 2034 1605 2097 utpote

196 2107 440 2155 absurdam
481 2105 750 2168 explicasse,
791 2105 1040 2151 Burerium
1080 2119 1204 2162 ver0,
1244 2121 1387 2167 quum
1427 2101 1605 2150 videret

196 2184 352 2230 literas
387 2182 509 2228 acin
532 2200 573 2226 v.
603 2184 776 2239 nciam,
813 2178 1028 2226 Rhenani
1064 2180 1393 2239 coniecturam,
1432 2179 1604 2242 quippe

197 2276 335 2323 quam
377 2274 465 2326 pro
505 2263 627 2302 certa
670 2255 861 2302 haberet
904 2263 949 2302 et
994 2253 1253 2317 explorata,
1294 2247 1603 2301 confirmasse.

195 2334 262 2380 Et
300 2349 435 2395 saepe
474 2331 696 2377 Burei-ius
736 2332 897 2377 tacitas
936 2329 1152 2375 Rhenani
1206 2331 1514 2376 correctiones
1564 2329 1603 2373 si

197 2415 347 2456 certae
401 2413 508 2453 sunt
568 2407 732 2452 tacitus
780 2406 884 2452 tulit
943 2403 1260 2468 absai-dasque
1310 2411 1356 2451 et
1405 2403 1604 2450 absonas

197 2482 367 2531 codicis
389 2481 610 2528 lectiones
635 2488 854 2526 annotare
887 2482 1054 2528 omisit.
1134 2480 1190 2525 ld
1230 2479 1355 2543 quod
1393 2496 1515 2525 nunc
1552 2494 1604 2525 ea
1646 2502 1649 2505 ·

197 2557 349 2606 codice
401 2553 775 2602 Amcrbachiano
818 2563 1103 2619 compertum
1152 2553 1390 2601 habemus.
1472 2553 1605 2616 Ergo

197 2650 346 2697 neque
396 2630 650 2677 Rhenanus
701 2647 849 2693 neque
901 2630 1125 2676 Burerius
1171 2630 1216 2679 h.
1254 2629 1284 2675 l.
1338 2630 1484 2694 ipsam
1533 2644 1603 2674 co-

197 2708 311 2755 dicis
358 2713 516 2770 utpote
566 2706 861 2770 depravatam
918 2704 1158 2751 lectionem
1206 2713 1310 2752 eum
1358 2703 1607 2752 lectoribus

199 2782 561 2831 communicavit.
