1715 3117
1421 204 1484 248 83

63 319 294 366 falluntur
343 319 661 384 lexicographi
712 333 757 366 et
796 318 962 366 Cicero
1008 336 1051 367 et
1095 322 1248 370 Livius
1291 327 1484 372 verbum

62 398 186 446 illud
230 398 394 446 eadem
437 417 547 453 cum
587 399 773 453 Velleio
817 400 1154 464 significatione
1201 406 1479 470 usurparint.

0 500 1 516 π
59 478 433 542 Rectissimeque
479 480 774 527 Forcellinus
817 479 949 527 hunc
995 481 1146 544 ipsum
1197 483 1351 530 locum
1394 502 1483 531 una

65 576 174 605 cum
194 557 470 605 Lucaniano
499 557 706 623 quodam
739 559 1095 622 significationis
1117 560 1241 605 illius
1264 575 1483 625 tanquam

65 625 410 686 documentu'm
442 639 608 702 posuit.

502 883 837 944 <urum
877 881 1063 944 tvl.

463 992 552 1027 Veu.
572 991 623 1025 11.
647 989 704 1025 80.
727 990 761 1027 2.
794 1002 827 1036 p.
845 988 892 1024 99
909 991 960 1026 ed.
987 991 1094 1027 Orell.

173 1121 202 1141 ‚,
211 1091 460 1132 Dissidendo
493 1094 534 1132 in
560 1091 738 1131 consiliis
767 1089 958 1131 Caesaris·
990 1100 1033 1131 et
1059 1107 1216 1147 semper
1244 1095 1405 1136 diversa
1427 1096 1490 1137 Ιώ

65 1174 171 1214 quae
199 1161 295 1201 aliis
312 1160 537 1214 placebant
568 1160 785 1201 dicendo.“
840 1166 905 1200 Ed.
933 1177 985 1210 pr.
1012 1177 1046 1210 p.
1066 1165 1130 1203 45.

708 1259 861 1266 ———

12 1348 15 1351 ’
65 1327 265 1399 Minus
306 1366 429 1399 recte
468 1352 699 1400 Krausius
740 1352 834 1400 hoc
878 1370 1068 1418 quoque
1113 1353 1220 1401 loco
1267 1352 1325 1400 de
1361 1373 1489 1403 more

67 1449 152 1479 suo
188 1430 466 1477 Ruhnkenii
496 1431 687 1494 vestigia
725 1447 946 1495 premens
984 1431 1215 1479 vocabulo
1256 1433 1489 1481 Caesaris

66 1510 254 1558 finalem
288 1508 486 1556 abscidit
522 1509 727 1570 literam,
763 1509 901 1556 nihili
933 1511 1134 1558 noxiam.
1207 1510 1333 1567 Quin
1370 1512 1487 1558 adeo

4 1604 7 1606 ·
67 1590 222 1636 minus
261 1589 480 1637 convenit
517 1589 706 1636 Velleio
752 1606 881 1635 casus
923 1589 1120 1636 Dativus
1165 1609 1306 1654 quam
1347 1592 1489 1637 Geni-

66 1657 202 1717 tivus.
283 1670 547 1715 Dissidere
593 1669 745 1714 alicui
787 1667 980 1714 nonnisi
1013 1685 1110 1714 uno
1152 1685 1300 1732 eoque
1339 1670 1490 1717 Horaq

69 1748 197 1794 tiano
227 1747 333 1794 loco
375 1739 618 1812 reperitur.
701 1745 870 1811 Neque
906 1763 1015 1794 vero
1055 1747 1154 1811 ipse
1194 1749 1286 1794 loci
1329 1767 1487 1796 seusus

70 1826 279 1875 dativum
325 1826 511 1886 patitur.
606 1825 814 1890 Lepidus
852 1826 980 1872 enim
1012 1826 1060 1872 in
1096 1827 1363 1875 universum
1397 1829 1487 1876 liti·

70 1906 189 1971 giosi
212 1905 560 1971 pervicacisque
581 1903 782 1952 hominis
817 1919 971 1968 partes
996 1907 1264 1970 suscepisse,
1295 1908 1486 1955 minime

69 1985 160 2050 ipsi
188 1984 373 2031 Caesari
394 1983 657 2031 adversatus
681 2001 778 2031 esse
803 1984 983 2033 dicitur.
1035 1985 1168 2042 Quae
1202 2000 1484 2049 sequuntur:

72 2074 122 2110 et
155 2082 349 2126 semper
386 2092 453 2098 —-
490 2065 697 2109 dicendo
739 2074 894 2110 mei-ae
932 2065 1061 2111 verbi
1092 2068 1376 2112 dissidendo
1414 2084 1486 2112 ex·

73 2142 316 2208 plicationi
367 2160 400 2188 S.
450 2143 776 2208 exsequutioni
820 2144 1088 2191 inserviunt.
1185 2145 1356 2192 Sensus
1400 2160 1485 2192 est:

72 2208 284 2286 Lepidus,¹
321 2219 524 2268 caesaris
555 2222 606 2268 in
652 2222 854 2269 consiliis
888 2222 1202 2286 (Kaegsrath)
1237 2223 1487 2272 dissidebat

73 2318 260 2364 semper
290 2301 347 2346 ab
382 2301 508 2355 aliis,
550 2301 697 2363 iisque
732 2302 1085 2348 contradicebat.

1081 2756 1139 2796 6.
