1715 3117
1429 213 1515 249 XIX

53 322 96 403 th
122 340 234 370 ones
265 339 360 369 non
383 328 642 371 annotasse.
722 323 898 371 Verum
924 325 1009 370 hos
1043 342 1202 373 omnes
1220 328 1347 374 locos
1372 343 1510 375 sanos

112 417 186 447 sse
226 397 440 463 equidem
478 399 525 446 in
563 396 1067 448 Animadversionilms
1106 400 1212 448 huic
1251 402 1370 449 libro
1401 402 1511 449 adii·

84 417 260 538 {iendis
291 473 537 522 ostendere
569 475 786 523 conabor.
868 476 1085 540 Denique
1119 476 1245 541 quod
1274 477 1332 525 ad
1358 480 1510 543 ipsum

50 542 59 576 1²
82 539 259 610 bodicis
285 549 446 598 Murb.
478 553 753 616 scriptorem
790 553 980 612 attinet,
1020 554 1286 601 dormitavit
1324 554 1510 618 quidem

85 626 251 700 saepe,
305 643 458 690 neque
500 634 654 674 tamen
690 630 841 675 omnia
883 646 1002 693 quae
1046 628 1303 676 editoribus
1343 637 1389 676 et
1430 633 1510 695 qui

83 696 276 762 <inerunt
314 710 359 749 et
393 703 471 767 qui
512 711 647 750 erunt
683 704 954 768 scrupulum
995 706 1206 752 iniiciunt
1236 706 1348 752 vitia
1385 705 1512 753 solus

75 779 372 826 *eommisisse
421 779 655 842 putandus
695 788 778 828 est.
861 781 984 829 Nam
1024 781 1286 845 complures
1331 798 1513 829 errores

33 854 142 918 ³1¹¹>
189 871 244 901 eo
291 853 400 901 inde
450 863 657 919 tempore
706 857 754 902 in
794 864 973 904 textum
1020 857 1187 905 velleii
1227 859 1515 920 irrepserunt

34 951 44 976 ι
70 920 73 927 ’
103 949 180 996 [uo
200 931 469 977 maiusculis
500 932 645 978 literis
677 933 883 980 scrihere
907 932 1170 981 utebantur.
1215 933 1321 981 Vid.
1341 933 1511 981 Rraus.

38 995 77 1052 ’,ἶ
106 1006 156 1054 d.
193 1025 301 1072 pag.
323 1005 407 1054 54.
485 1004 710 1055 Testatur
740 1009 967 1057 Burerius
1003 1009 1062 1055 ad
1096 1007 1265 1056 11.29.
1306 1008 1514 1057 codicem

25 1112 39 1127 i
102 1083 245 1131 Ulurh.
285 1082 432 1130 literis
471 1085 769 1145 minusculis,
808 1088 1250 1144 cursivas'vocant9
1290 1086 1515 1149 scriptum

95 1177 213 1219 {sscz
248 1158 385 1205 nobis
418 1167 573 1207 autem
596 1177 654 1206 ex
688 1161 858 1208 tabella
891 1179 1031 1225 quam
1061 1161 1183 1208 libro
1207 1163 1514 1208 annexuimus

102 1226 209 1282 '2ffici
247 1234 455 1295 videtur,
506 1235 678 1282 librum
719 1236 851 1283 illum
891 1238 1090 1284 fortasse
1134 1235 1358 1284 Seculum
1389 1235 1514 1284 XIV

70 1313 72 1320 ’
107 1329 179 1358 ion
197 1311 465 1359 excessisse.
532 1309 705 1358 Omnia
730 1314 850 1360 enim
885 1311 1056 1377 quibus
1086 1314 1159 1359 usi
1194 1330 1353 1360 sumus
1379 1313 1515 1378 signa

106 1387 144 1434 ‚d
184 1387 273 1435 hoc
317 1405 408 1435 sec.
447 1388 691 1451 pertinent.

37 798 50 824 t

198 1478 334 1539 Quae
389 1495 491 1525 cum
543 1480 606 1524 ita
657 1480 774 1539 sint,
836 1479 1044 1526 codicem
1092 1476 1517 1526 Amerhaehianum

89 1554 124 1601 si
166 1571 260 1601 non
306 1554 443 1618 plane
493 1572 745 1619 aequemus
793 1554 979 1602 Burerii
1026 1557 1316 1615 auctoritati,
1362 1562 1516 1601 tamen

30 1685 34 1694 Ι
101 1630 214 1676 nullo
253 1631 391 1678 modo
422 1629 502 1676 vili
541 1631 835 1694 pendendum
874 1648 975 1678 esse
1006 1630 1229 1678 ducimus.
1295 1629 1516 1677 Editionc

29 1700 35 1774 :¹¹
104 1705 301 1754 {henani
349 1714 394 1754 ct
445 1708 742 1754 annotatione
792 1706 980 1754 Burerii
1031 1706 1169 1754 simul
1218 1724 1323 1754 cum
1366 1723 1516 1753 exem-

28 1778 29 1787 ’
105 1781 204 1829 alari
263 1801 413 1847 nuper
476 1782 597 1830 edito
646 1781 1026 1830 Amerbachiano
1083 1790 1272 1829 utantur
1327 1798 1518 1830 necesse

28 1876 33 2007 ι
114 1866 158 1906 st
196 1859 343 1906 futuri
382 1858 549 1907 Velleii
586 1858 822 1905 Editorcs.

200 1947 389 2013 Operae
422 1950 559 1996 etiam
591 1949 792 2013 pretium
829 1949 917 1994 erit
950 1949 1152 1993 animum
1185 1946 1426 1994 advertere
1458 1947 1518 1993 ad

98 2012 240 2070 &arias
281 2042 399 2088 quae
451 2026 498 2070 in
551 2025 651 2088 ipsa
699 2023 922 2070 Editione
972 2023 1179 2086 principe
1222 2025 1518 2086 reperiuntur

20 2055 30 2142 i
87 2101 367 2164 scripturas:
407 2100 533 2165 quod
573 2100 645 2146 his
690 2098 855 2146 dicbus
904 2115 997 2144 non
1037 2100 1135 2146 sine
1174 2098 1372 2146 utilitate
1409 2099 1520 2146 feclt

10 2145 18 2282 J
90 2173 314 2223 Orellius.

0 2244 5 2304 l
207 2264 516 2312 Ruhnkenius
549 2267 726 2330 primus
760 2265 901 2325 vidit,
941 2265 987 2310 in
1024 2262 1206 2310 duobus
1242 2280 1360 2328 quae
1398 2264 1519 2309 inter

90 2359 139 2388 sc
189 2342 401 2389 conferre
440 2341 620 2389 solebat
673 2341 884 2388 editionis
922 2340 1254 2387 Rhenanianae
1296 2337 1519 2401 exemplis

91 2416 213 2464 binis
262 2418 376 2464 locis
425 2419 576 2464 varias
619 2426 801 2464 exstare
851 2416 1087 2463 lectiones.
1170 2415 1384 2462 Eandem
1420 2430 1519 2460 rem

94 2491 303 2541 Orellius
366 2495 624 2539 accuratius
685 2494 819 2539 etiam
881 2499 1228 2556 perscrutatus,
1300 2496 1520 2554 quattuor

93 2569 183 2615 iam
222 2571 344 2616 inter
382 2586 432 2616 se
475 2569 733 2616 differentia
775 2568 1090 2632 exemplorum
1125 2584 1297 2631 genera
1334 2566 1519 2627 reperit.

95 2642 305 2691 Contulit
353 2645 472 2691 enim
519 2643 611 2690 duo
661 2661 779 2708 quae
822 2644 984 2690 Turici
1024 2650 1132 2690 sunt
1172 2641 1411 2706 exempla,
1457 2639 1519 2685 al-

95 2727 245 2767 terum
285 2727 492 2769 notatum
525 2719 716 2778 XXVI,
748 2717 847 2778 56,
888 2719 1082 2767 alterum
1119 2718 1179 2765 R.
1204 2722 1295 2775 81,
1335 2716 1520 2764 tertium
