1715 3117
199 196 306 241 30·

612 408 946 470 onum·
1001 407 1199 469 xvl.

652 519 798 562 vell.11‚
816 516 874 564 35,
901 529 935 564 p.
948 516 1027 553 191.
1046 519 1098 553 ed.
1111 519 1157 554 R.

302 609 414 660 „Hic
444 614 607 664 qenitus
635 627 794 666 proavo
832 612 893 652 M.
929 611 1088 653 Catone
1117 613 1307 664 principe
1341 608 1413 649 illo
1442 608 1630 661 familiae

193 680 369 722 pertiae
386 695 464 721 non
488 683 635 721 virtuti
655 681 881 721 simillimus
905 688 949 721 et
967 695 1047 734 per
1075 681 1209 720 omnia
1236 679 1399 732 inqenio
1417 678 1496 717 diis
1511 689 1646 731 quam>

194 750 418 791 hominibus
441 753 657 804 propior.“
694 755 779 807 vEd.
808 767 859 799 pr.
893 768 926 799 p.
949 756 1012 791 26.

196 907 446 1000 Quamvis
485 949 577 977 uon
619 931 845 994 negarim,
880 944 1060 977 veteres
1085 930 1186 976 Diis
1219 944 1514 993 comparasse
1542 926 1629 973 ho-

194 1013 369 1070 mines,
415 1025 570 1057 tamen
617 1010 748 1075 quod
791 1010 836 1057 h.
870 1010 898 1057 l.
942 1011 1047 1056 vult
1098 1009 1346 1068 Burei-ius,
1402 1006 1628 1073 quodque

194 1092 403 1141 eiusdem
465 1092 783 1138 auctoritatem
843 1105 1070 1153 sequutus
1122 1089 1170 1134 iu
1224 1103 1402 1134 textum
1453 1087 1630 1152 recepit

193 1171 528 1219 Ruhnkenius:
581 1172 729 1216 homo
773 1171 966 1215 Vir-tati
1001 1170 1307 1228 simillimus,
1352 1167 1473 1214 illud
1513 1166 1631 1214 mihi

192 1253 332 1317 plane
376 1251 606 1316 displicet.
706 1248 838 1305 Quid
880 1247 1044 1294 euim?
1126 1248 1316 1294 Deaeue
1363 1247 1629 1295 simillimus

191 1332 299 1382 vir?
373 1331 549 1377 Durior
599 1343 723 1377 certe
765 1342 831 1374 est
874 1329 1072 1374 feminae
1126 1346 1236 1374 cum
1284 1327 1387 1374 viro
1439 1345 1627 1392 compa·

195 1413 312 1460 ratio
349 1413 493 1469 faeta,
546 1424 592 1456 et
636 1411 870 1473 legeretur
908 1423 1178 1472 praeterea,
1225 1409 1262 1453 si
1307 1407 1423 1472 quid
1468 1406 1630 1454 video:

193 1495 291 1556 ipsi
329 1494 521 1541 Virtuti
549 1493 841 1537 simillimus.
913 1489 1063 1535 Nobis
1092 1489 1231 1552 igitur
1262 1487 1387 1534 aliud
1419 1488 1466 1533 iu
1500 1504 1629 1533 meu-

197 1588 291 1621 tem
318 1573 456 1621 venit.
542 1570 672 1627 Quid
709 1571 741 1617 si
786 1571 1088 1635 recipiamus:

339 1663 494 1719 „Hic
532 1665 736 1724 genitas
769 1679 971 1723 proavo
1021 1662 1090 1706 M.
1137 1662 1351 1715 Catone,
1395 1661 1631 1722 principe

339 1746 422 1789 illo
449 1744 700 1802 familiae
740 1744 973 1797 Portiae,
1022 1748 1211 1788 huius
1258 1742 1435 1786 virtuti
1476 1741 1630 1786 simil-

336 1824 561 1871 limas?“
1163 1802 1177 1820 ⁸

195 1918 503 1966 Memineriut
534 1917 642 1964 VV.
681 1917 786 1964 DD.
829 1916 1057 1963 similiima
1099 1915 1230 1964 verbi
1269 1933 1368 1962 non
1404 1928 1449 1961 et
1483 1915 1631 1961 huius

194 1997 497 2062 compendia:
545 1994 613 2055 [ᾧ
648 2011 689 2044 et
729 1996 807 2043 n—o.
887 1998 1128 2044 Vetustate
1177 1994 1341 2042 adesus
1377 2007 1629 2043 evanuerat

195 2079 407 2125 eminens
444 2078 524 2125 ille
568 2078 727 2124 literae
769 2080 981 2142 bapex.
1064 2077 1233 2142 Liquet
1278 2075 1405 2122 enim
1453 2089 1498 2122 et
1533 2074 1628 2121 hoc

195 2173 240 2205 et
276 2172 438 2205 nostro
475 2159 586 2205 loco
622 2158 785 2222 paullo
823 2158 1109 2218 inusitatius,
1147 2157 1278 2222 quod
1314 2157 1371 2203 ad
1408 2171 1631 2221 personas

196 2238 363 2286 referri
389 2237 621 2297 debuerit,
658 2237 716 2284 ad
753 2256 823 2285 res
855 2240 1053 2285 relatum
1085 2256 1194 2286 esse.
1267 2238 1370 2295 Est,
1404 2236 1453 2282 ni
1474 2235 1629 2294 fallor,

193 2317 418 2380 Enallage
457 2335 544 2362 ceu
575 2318 845 2378 Heterosis‚
900 2318 975 2364 cui
1018 2332 1141 2365 recte
1181 2316 1524 2364 Ramshornius
1565 2329 1631 2362 at-

193 2397 355 2444 tribuit
400 2396 642 2455 Ciceronis
682 2398 788 2444 illa:
847 2399 1014 2462 Aegris
1057 2393 1337 2463 corporibus
1389 2395 1630 2443 simillima

194 2490 260 2524 est
287 2478 428 2523 animi
461 2477 724 2541 aegritudo.
764 2478 860 2525 Cic.
896 2478 1037 2524 Tuse.
1065 2482 1108 2537 5,
1146 2496 1216 2525 10.
1255 2506 1318 2513 -—
1363 2475 1460 2523 Cfr.
1487 2475 1629 2521 etiam

194 2556 244 2603 C.
271 2556 412 2604 Tusc.
442 2574 480 2617 1,
521 2575 558 2603 1.
605 2572 648 2603 et
679 2558 983 2604 Ranisboruii
1027 2559 1107 2605 Gr.
1149 2559 1184 2621 §.
1213 2560 1332 2616 203,
1379 2554 1466 2615 III,
1507 2572 1542 2601 1.
1572 2554 1630 2613 b3

193 2635 399 2701 denique
433 2637 547 2701 (qui
576 2654 676 2683 rem
708 2638 929 2701 absolvit)
969 2637 1175 2699 Vell.11‚
1213 2639 1256 2684 6.
1291 2657 1337 2703 p.
1356 2638 1433 2699 89.
1468 2632 1541 2682 ed.
1571 2631 1627 2681 R„

193 2752 222 2778 υ
240 2718 422 2763 Caium
455 2719 728 2764 virtutibus
762 2721 868 2766 eius
904 2706 1175 2766 similemf‘
