1715 3117
1440 210 1497 256 21

143 354 147 357 -
174 352 183 358 -
213 361 243 386 „
268 327 353 371 Uti
380 335 657 388 appareat,
685 331 932 389 populum
966 332 1027 377 R.
1063 349 1201 378 asum
1238 335 1500 380 dictatoris

215 404 294 468 (ut
336 424 476 471 supra
520 407 877 470 usurpationem
917 408 1179 468 dictatoris)
1213 422 1329 457 astte
1364 423 1497 459 meta

215 487 554 543 desiderasse,
607 496 711 532 tum
744 490 877 534 illius
909 492 1067 536 solum
1097 500 1402 551 potestatem
1438 496 1497 539 ti-

214 568 454 613 muisse.“

70 640 204 699 Quae
242 645 279 691 si
315 664 420 693 vera
455 660 593 706 sunt,
634 647 821 694 Velleio
858 662 1073 694 censente
1110 651 1349 713 apparuit,
1389 669 1495 698 ean-

44 721 178 770 =dem
219 724 527 786 dictaturam,
580 745 699 791 quae
745 742 879 774 antea
915 728 1148 774 bellorum
1189 744 1314 775 metu
1352 745 1393 776 ct
1438 749 1494 777 ue

67 803 184 868 quid
220 803 483 853 detrimenti
522 822 707 871 caperet
745 826 886 872 resp„
940 824 1160 873 usurpata
1215 810 1387 867 fuerit,
1446 810 1492 855 in

67 882 248 943 Sullani
294 903 454 932 rerum
492 887 688 950 potitum
726 902 919 952 propter
960 888 1142 952 ipsum,
1185 907 1280 953 quo
1319 888 1498 934 animos

58 965 327 1027 'perculerit
376 967 594 1013 timon-eni
648 968 869 1013 collatam
917 984 1041 1025 esse,
1108 982 1158 1014 ut
1215 986 1334 1033 quae
1383 969 1497 1014 auti-

69 1045 228 1110 quitus
273 1047 439 1093 futuris
478 1048 611 1093 malis
666 1045 848 1093 medela
897 1045 1100 1092 adhibita
1146 1048 1226 1107 sit,
1280 1066 1330 1094 ea
1371 1066 1498 1094 nunc

66 1124 160 1170 iam
213 1127 480 1173 necessitate
533 1127 806 1192 impositum
855 1126 1188 1174 dominationis
1236 1128 1283 1174 in
1334 1129 1496 1191 iugum

68 1204 248 1253 abierit.

207 1285 459 1348 Superest,
524 1296 576 1330 ut
646 1283 894 1331 ostendam
948 1283 1317 1333 Ruhnkenianas
1385 1303 1497 1333 con-

65 1362 265 1411 iecturas
301 1364 519 1411 facilitate
549 1364 762 1428 superari
797 1382 821 1410 a
858 1364 1041 1411 nostris.

207 1443 369 1500 Quum
413 1455 503 1491 aut
547 1445 594 1491 in
654 1443 794 1492 codd.
843 1445 899 1490 sit
943 1441 1034 1507 ἇῖι,
1094 1456 1212 1492 ante
1256 1463 1367 1493 vero
1410 1445 1491 1501 ἶῆ,

68 1522 236 1583 elucet,
270 1523 453 1571 {acilius
473 1523 606 1584 haec,
645 1541 783 1587 quam
810 1523 877 1571 a—zc
916 1537 959 1570 et
987 1527 1131 1571 Izaacl
1161 1543 1194 1572 s.
1231 1527 1356 1572 Ιιαιιί
1388 1543 1495 1589 per-

0 1636 1 1643 η
64 1603 237 1651 mutari
266 1604 471 1667 potuisse
500 1607 561 1662 9).

199 1684 410 1748 Syllabas
447 1685 590 1728 Ταίἰο
624 1689 682 1730 Co
719 1683 780 1730 ita
813 1695 938 1731 ortas
976 1695 1194 1746 putamus
1228 1700 1281 1729 ex
1321 1684 1495 1730 verbis:

69 1775 210 1825 „tum
250 1763 340 1810 illis
384 1764 585 1810 solum.“
682 1765 810 1809 Tum
857 1763 996 1809 scribi
1053 1764 1171 1809 solet
1215 1780 1302 1826 per
1347 1765 1494 1810 solam

66 1827 133 1890 lit'.
178 1853 222 1904 t,
274 1842 722 1907 superimpendente
778 1843 963 1892 lineola.
1036 1843 1106 1889 Ita
1158 1844 1281 1889 nacti
1335 1861 1494 1889 sumus

67 1923 206 1971 haec:
237 1926 381 1985 tilli9‚
415 1940 531 1986 quae
559 1939 666 1969 ecce
691 1940 830 1986 quam
862 1921 1029 1968 similia
1054 1922 1144 1968 sint
1166 1923 1310 1969 verbo
1332 1924 1491 1977 Tulio,

68 2003 255 2050 lineolis
302 2015 347 2049 et
384 2021 525 2067 supra
574 2015 618 2050 et
654 2004 773 2049 infra
820 2019 1003 2049 versum
1047 2002 1330 2048 exstantibus
1368 2015 1496 2049 vetu-

66 2095 181 2131 state
224 2081 400 2130 deletis.
494 2083 565 2130 Ex
615 2083 756 2130 literis
799 2084 839 2127 il
869 2100 925 2143 u,
972 2099 1027 2128 ex
1071 2081 1206 2145 signo
1230 2098 1269 2143 9
1305 2099 1332 2127 ο
1378 2082 1495 2129 facta

67 2179 189 2224 esse,
224 2162 355 2210 facile
388 2162 578 2226 quisque
613 2160 850 2209 concedet.

197 2241 268 2288 Ex
340 2242 485 2288 literis
546 2259 573 2288 o
639 2243 708 2287 Co
774 2239 1087 2287 Ruhnkenius
1152 2241 1303 2288 effecit
1363 2244 1496 2302 oci03

0 2383 9 2393 ι
70 2321 208 2368 nobis
245 2322 330 2368 sub
367 2321 542 2387 syllaba
575 2321 644 2366 Co
681 2320 823 2368 latere
858 2319 1044 2366 videtur
1079 2336 1121 2365 v.
1157 2321 1325 2364 solum.
1370 2318 1494 2365 Cou-

0 2398 4 2403 ’
66 2401 296 2464 templare
355 2401 480 2448 enirn
535 2400 669 2447 verbi
726 2400 851 2447 illius
909 2411 1070 2446 notam
1125 2397 1493 2461 diplomaticam:

69 2496 232 2527 nonne
271 2480 492 2528 facillime
537 2480 649 2526 oriri
685 2491 872 2544 poterat
905 2479 1036 2525 litera
1072 2477 1323 2524 maiuscula
1364 2478 1408 2523 C
1440 2494 1492 2524 ex

67 2557 145 2605 illa
176 2575 289 2607 cum
322 2559 458 2624 apice
495 2559 748 2606 coniuncta
784 2558 850 2605 lit.
875 2555 943 2621 f?
970 2585 1038 2594 -

123 2726 165 2777 ⁹)
192 2730 396 2767 perlustro·
419 2743 553 2778 quaem
578 2731 692 2767 oculi·
720 2741 831 2776 quam
856 2729 952 2764 libro
977 2727 1210 2764 annexuimu-
1233 2727 1408 2761 tabulam.
