1715 3117
1459 221 1515 265 13

235 330 370 394 Quae
416 355 565 401 quum
610 336 668 382 ita
718 337 830 397 sint,
883 338 1008 384 nulla
1055 341 1250 403 amplius
1292 341 1514 391 dubitatio

38 431 39 438 ¹
109 415 213 477 erit,
247 434 413 465 verum
448 434 544 464 esse
578 416 711 481 quod
752 418 884 464 nobis
913 418 959 463 in
996 432 1199 465 mentem
1228 422 1376 467 venit:

264 553 298 575 „
319 520 470 565 Cuius
514 528 701 581 gratae
745 522 1000 582 religionis
1039 523 1326 567 memoriam
1361 532 1408 568 et
1442 525 1513 570 in-

266 600 469 660 scriptio
506 601 677 661 templi
707 600 858 661 affixa
878 600 1018 660 posti
1049 599 1315 661 hodieque,
1359 610 1407 647 et
1440 611 1513 649 ta-

265 678 379 724 bala
411 687 623 724 testatur
660 681 711 724 in
743 697 865 724 area
902 681 1112 725 interna.

221 793 368 840 Areas
389 794 528 840 etiam
553 795 679 840 aulas
711 811 821 855 esse,
855 807 898 841 et
922 794 1145 859 impluvia
1163 812 1198 842 s.
1219 793 1320 840 loca
1349 809 1515 857 aperta,

104 873 152 919 in
187 872 354 919 mediis
377 891 566 939 quoqne
587 905 653 910 -—
681 874 731 921 id
762 874 891 939 quod
923 875 1064 940 probe
1097 873 1430 921 attendendum
1451 904 1516 911 -

105 949 326 1021 aedificiis
367 953 475 1013 sita,
524 952 678 1000 edocti
714 971 873 1000 sumus
910 953 1021 1000 locis
1052 952 1262 1012 duobus,
1309 971 1426 1018 quos
1457 953 1518 1001 ad

103 1029 288 1079 Vitruv.
323 1033 353 1078 l.
380 1033 448 1079 VI
484 1052 521 1080 c.
545 1032 677 1082 HI1.
727 1033 847 1079 inter
883 1033 993 1078 alios
1027 1033 1199 1078 multos
1239 1033 1388 1079 attulit
1429 1032 1516 1081 Vir

101 1109 149 1156 in
197 1111 352 1175 paucis
386 1111 593 1158 eruditus
633 1113 667 1159 I.
703 1113 759 1159 G.
800 1111 1127 1158 Schneiderus.
1205 1112 1324 1158 Sunt
1361 1126 1516 1160 autem

100 1189 177 1235 hi:
234 1192 415 1237 Festus
457 1191 515 1237 de
551 1193 664 1238 atrio
695 1193 754 1238 ita
789 1192 947 1238 tradit:
997 1192 1188 1238 Atrium
1225 1192 1411 1254 proprie
1449 1206 1516 1239 est

102 1287 252 1333 genus
277 1269 475 1316 aedificii
501 1284 607 1317 ante
632 1270 792 1317 aedem
817 1272 1062 1317 continens
1086 1272 1303 1316 mediam
1327 1288 1517 1331 aream,

100 1348 147 1394 in
189 1367 328 1414 quam
374 1351 568 1398 collecta
610 1369 664 1397 ex
700 1351 831 1397 omui
873 1365 997 1398 tecto
1035 1351 1190 1416 pluvia
1226 1348 1514 1396 descendit.⁴‘

50 1461 52 1464 v
99 1427 170 1475 Et.
207 1447 250 1493 q.
277 1447 311 1477 s.
338 1458 405 1465 —
444 1429 578 1476 Alter
611 1443 678 1476 est
711 1430 846 1476 locus
884 1431 1036 1476 Plinii
1069 1428 1262 1475 iunioris
1302 1428 1420 1493 Epp.
1450 1427 1515 1487 II,

106 1524 176 1568 17.
201 1516 245 1555 4.
316 1507 483 1569 „Villa
513 1509 671 1555 usibus
716 1527 860 1573 capax
897 1525 991 1555 non
1035 1520 1306 1572 sumptuosa
1349 1507 1513 1553 tutela:

99 1586 231 1634 euius
271 1587 320 1634 in
369 1589 521 1653 prima
563 1603 693 1652 parte
741 1589 910 1635 atrium
947 1588 1072 1650 frugi
1116 1604 1201 1632 uec
1233 1601 1381 1633 tamen
1415 1603 1512 1633 sor-

99 1663 289 1712 didum:
333 1660 503 1714 deinde
531 1670 761 1729 porticus
798 1667 846 1712 in
879 1666 922 1713 D
958 1666 1114 1712 literae
1160 1665 1511 1712 similitudinem

97 1744 431 1806 circumactae,
473 1748 646 1810 quibas
680 1747 875 1813 parvula
902 1745 984 1792 sed
1019 1745 1176 1792 festiva
1207 1763 1329 1791 area
1361 1747 1510 1790 incla-

98 1826 258 1886 ditur‚
294 1827 535 1891 egregium
569 1826 787 1874 adversus
823 1839 1115 1891 tempestates
1149 1826 1505 1891 receptaculum.

95 1903 178 1951 Est
210 1920 371 1953 contra
407 1906 587 1953 medias
621 1905 892 1953 cavaedium
921 1905 1090 1951 hilare:
1126 1922 1235 1951 mox
1257 1904 1511 1953 triclinium

95 1984 202 2031 satis
231 1985 482 2052 pulchrum
517 1985 649 2051 quod
682 1986 727 2032 in
763 1986 890 2032 littus
927 1984 1168 2031 excurrit.“

226 2086 290 2133 At
333 2089 520 2153 templis
575 2106 765 2154 quoque
810 2089 857 2134 in
906 2087 1073 2134 mediis
1128 2084 1511 2132 construebantur

95 2182 261 2214 areae.
327 2165 590 2213 Audiamus
632 2168 754 2214 enim
789 2166 904 2214 haec
937 2165 1167 2211 Vitruvii:

223 2244 486 2310 „Dipteros
530 2260 685 2292 autem
737 2246 980 2311 octastylos
1024 2257 1068 2289 et
1110 2259 1290 2306 pronao
1341 2254 1383 2287 et
1427 2257 1509 2305 po·

94 2322 236 2384 stico,
283 2323 365 2370 sed
414 2325 536 2372 circa
575 2325 738 2371 aedem
789 2324 1001 2387 duplices
1039 2321 1178 2368 hahet
1216 2319 1398 2367 ordines
1433 2336 1509 2365 co-

55 2447 59 2455 s
93 2402 396 2464 lummwum,
444 2405 511 2451 uti
560 2419 626 2452 est
670 2404 806 2451 aedes
841 2402 1032 2458 Quirini
1066 2401 1240 2448 Dorica
1276 2413 1318 2445 ct
1354 2398 1508 2462 Ephe·

93 2481 184 2529 siae
216 2483 424 2530 Dianae
459 2483 622 2532 Joniea
661 2502 686 2531 a
715 2481 1064 2546 Chersiphrone
1101 2480 1363 2527 constituta.
1409 2477 1507 2541 Hy-

95 2560 310 2624 paethros
354 2580 467 2612 vero
520 2563 778 2628 decastylos
822 2575 887 2608 est
923 2562 969 2607 in
1007 2579 1185 2626 pronao
1226 2573 1267 2605 et
1304 2558 1505 2622 postico:

93 2639 270 2706 reliqua
307 2644 463 2690 omnia
498 2642 663 2690 eadem
701 2642 840 2689 habet
875 2657 992 2707 quae
1033 2640 1268 2704 dipteros,
1317 2636 1396 2683 scd
1435 2635 1503 2680 in·

87 2717 258 2767 terior-e
301 2737 433 2785 parte
480 2724 722 2771 columnas
759 2722 806 2769 in
857 2719 1102 2769 altitudine
1147 2718 1380 2782 duplices,
1432 2731 1501 2761 re·
