<?xml version="1.0" encoding="UTF-8"?>
<!DOCTYPE html PUBLIC "-//W3C//DTD XHTML 1.0 Transitional//EN"
    "http://www.w3.org/TR/xhtml1/DTD/xhtml1-transitional.dtd">
<html xmlns="http://www.w3.org/1999/xhtml" xml:lang="en" lang="en">
 <head>
  <title>
</title>
<meta http-equiv="Content-Type" content="text/html;charset=utf-8" />
  <meta name='ocr-system' content='tesseract 3.04.00' />
  <meta name='ocr-capabilities' content='ocr_page ocr_carea ocr_par ocr_line ocrx_word'/>
</head>
<body>
  <div class='ocr_page' id='page_1' title='image "./locivelleianiine00lauruoft_0036.png"; bbox 0 0 1715 3117; ppageno 0'>
   <div class='ocr_carea' id='block_1_1' title="bbox 334 315 1629 378">
    <p class='ocr_par' dir='ltr' id='par_1_1' title="bbox 334 315 1629 378">
     <span class='ocr_line' id='line_1_1' title="bbox 334 315 1629 378; baseline 0.003 -18"><span class='ocrx_word' id='word_1_1' title='bbox 334 315 572 374; x_wconf 80' lang='lat' dir='ltr'><em>„Metelli</em></span> <span class='ocrx_word' id='word_1_2' title='bbox 600 322 770 361; x_wconf 78' lang='lat' dir='ltr'><em>tamen</em></span> <span class='ocrx_word' id='word_1_3' title='bbox 795 323 844 360; x_wconf 84' lang='lat' dir='ltr'><em>et</em></span> <span class='ocrx_word' id='word_1_4' title='bbox 878 316 1162 378; x_wconf 71' lang='lat' dir='ltr'><em>triumphus</em></span> <span class='ocrx_word' id='word_1_5' title='bbox 1173 317 1286 376; x_wconf 78' lang='lat' dir='ltr'><em>fuit</em></span> <span class='ocrx_word' id='word_1_6' title='bbox 1308 318 1629 377; x_wconf 81' lang='lat' dir='ltr'><em>clarissimus,</em></span> 
     </span>
    </p>
   </div>
   <div class='ocr_carea' id='block_1_2' title="bbox 329 395 1693 458">
    <p class='ocr_par' dir='ltr' id='par_1_2' title="bbox 329 395 1693 458">
     <span class='ocr_line' id='line_1_2' title="bbox 329 395 1693 458; baseline 0.001 -16"><span class='ocrx_word' id='word_1_7' title='bbox 329 403 383 442; x_wconf 62' lang='lat' dir='ltr'><em>,et</em></span> <span class='ocrx_word' id='word_1_8' title='bbox 416 395 650 441; x_wconf 80' lang='lat' dir='ltr'><em>meritum</em></span> <span class='ocrx_word' id='word_1_9' title='bbox 680 396 872 445; x_wconf 73' lang='lat' dir='ltr'><em>virtuti</em></span> <span class='ocrx_word' id='word_1_10' title='bbox 900 404 1035 445; x_wconf 74' lang='lat' dir='ltr'><em>eius</em></span> <span class='ocrx_word' id='word_1_11' title='bbox 1072 413 1342 458; x_wconf 80' lang='lat' dir='ltr'><strong><em>cognomen</em></strong></span> <span class='ocrx_word' id='word_1_12' title='bbox 1377 398 1632 444; x_wconf 77' lang='lat' dir='ltr'><em>Numidici</em></span> <span class='ocrx_word' id='word_1_13' title='bbox 1692 403 1693 406; x_wconf 74' lang='grc'>’</span> 
     </span>
    </p>
   </div>
   <div class='ocr_carea' id='block_1_3' title="bbox 332 476 605 522">
    <p class='ocr_par' dir='ltr' id='par_1_3' title="bbox 332 476 605 522">
     <span class='ocr_line' id='line_1_3' title="bbox 332 476 605 522; baseline 0.007 -2"><span class='ocrx_word' id='word_1_14' title='bbox 332 476 560 522; x_wconf 84' lang='lat' dir='ltr'><em>inditum.</em></span> <span class='ocrx_word' id='word_1_15' title='bbox 571 482 605 503; x_wconf 85' lang='lat'><em>“</em></span> 
     </span>
    </p>
   </div>
   <div class='ocr_carea' id='block_1_4' title="bbox 197 529 1695 621">
    <p class='ocr_par' dir='ltr' id='par_1_4' title="bbox 197 529 1695 621">
     <span class='ocr_line' id='line_1_4' title="bbox 197 529 1695 621; baseline 0.002 -21"><span class='ocrx_word' id='word_1_16' title='bbox 197 554 268 601; x_wconf 67' lang='lat' dir='ltr'><em>Ita</em></span> <span class='ocrx_word' id='word_1_17' title='bbox 322 554 370 601; x_wconf 74' lang='lat' dir='ltr'><em>in</em></span> <span class='ocrx_word' id='word_1_18' title='bbox 427 555 548 602; x_wconf 69' lang='lat' dir='ltr'>fibro</span> <span class='ocrx_word' id='word_1_19' title='bbox 591 555 650 602; x_wconf 85' lang='grc' dir='ltr'><em>Π.</em></span> <span class='ocrx_word' id='word_1_20' title='bbox 710 573 749 604; x_wconf 79' lang='lat' dir='ltr'><em>c.</em></span> <span class='ocrx_word' id='word_1_21' title='bbox 789 529 845 603; x_wconf 67' lang='lat'><em>1&#39;6</em></span> <span class='ocrx_word' id='word_1_22' title='bbox 894 576 940 621; x_wconf 78' lang='lat' dir='ltr'><em>p.</em></span> <span class='ocrx_word' id='word_1_23' title='bbox 989 573 1077 604; x_wconf 83' lang='lat'><em>120</em></span> <span class='ocrx_word' id='word_1_24' title='bbox 1149 555 1223 603; x_wconf 74' lang='lat' dir='ltr'><em>ed.</em></span> <span class='ocrx_word' id='word_1_25' title='bbox 1271 555 1465 603; x_wconf 73' lang='lat' dir='ltr'><em>Rulmk.</em></span> <span class='ocrx_word' id='word_1_26' title='bbox 1518 556 1630 604; x_wconf 73' lang='lat' dir='ltr'><em>vel·</em></span> <span class='ocrx_word' id='word_1_27' title='bbox 1694 557 1695 570; x_wconf 61' lang='lat'><em>²</em></span> 
     </span>
    </p>
   </div>
   <div class='ocr_carea' id='block_1_5' title="bbox 191 634 1632 1822">
    <p class='ocr_par' dir='ltr' id='par_1_5' title="bbox 193 634 1632 1175">
     <span class='ocr_line' id='line_1_5' title="bbox 196 634 1632 701; baseline 0.001 -19"><span class='ocrx_word' id='word_1_28' title='bbox 196 634 339 682; x_wconf 58' lang='lat' dir='ltr'><em>leina:</em></span> <span class='ocrx_word' id='word_1_29' title='bbox 403 635 590 696; x_wconf 84' lang='lat' dir='ltr'><em>„Cuius</em></span> <span class='ocrx_word' id='word_1_30' title='bbox 637 636 796 701; x_wconf 71' lang='lat' dir='ltr'><em>pietati</em></span> <span class='ocrx_word' id='word_1_31' title='bbox 857 637 1046 701; x_wconf 86' lang='lat' dir='ltr'>plenam</span> <span class='ocrx_word' id='word_1_32' title='bbox 1093 636 1296 701; x_wconf 88' lang='lat' dir='ltr'><em>populus</em></span> <span class='ocrx_word' id='word_1_33' title='bbox 1340 637 1397 683; x_wconf 85' lang='lat' dir='ltr'><em>R.</em></span> <span class='ocrx_word' id='word_1_34' title='bbox 1437 637 1632 701; x_wconf 82' lang='lat' dir='ltr'><em>gratiam</em></span> 
     </span>
     <span class='ocr_line' id='line_1_6' title="bbox 198 706 1630 776; baseline 0.002 -16"><span class='ocrx_word' id='word_1_35' title='bbox 198 712 449 761; x_wconf 86' lang='lat' dir='ltr'><em>reddidit.“</em></span> <span class='ocrx_word' id='word_1_36' title='bbox 519 714 800 761; x_wconf 86' lang='lat' dir='ltr'><em>Conferatur</em></span> <span class='ocrx_word' id='word_1_37' title='bbox 831 715 996 776; x_wconf 86' lang='lat' dir='ltr'><em>etiam,</em></span> <span class='ocrx_word' id='word_1_38' title='bbox 1033 716 1071 762; x_wconf 87' lang='lat' dir='ltr'><em>si</em></span> <span class='ocrx_word' id='word_1_39' title='bbox 1101 717 1215 762; x_wconf 81' lang='lat' dir='ltr'><em>tanti</em></span> <span class='ocrx_word' id='word_1_40' title='bbox 1239 730 1330 776; x_wconf 81' lang='lat' dir='ltr'><em>est,</em></span> <span class='ocrx_word' id='word_1_41' title='bbox 1367 715 1426 762; x_wconf 89' lang='lat' dir='ltr'><em>de</em></span> <span class='ocrx_word' id='word_1_42' title='bbox 1457 706 1500 764; x_wconf 27' lang='lat' dir='ltr'><em>v..</em></span> <span class='ocrx_word' id='word_1_43' title='bbox 1532 735 1630 763; x_wconf 89' lang='lat' dir='ltr'><em>me-</em></span> 
     </span>
     <span class='ocr_line' id='line_1_7' title="bbox 198 788 1632 862; baseline 0.001 -22"><span class='ocrx_word' id='word_1_44' title='bbox 198 797 351 841; x_wconf 84' lang='lat' dir='ltr'><em>ritum</em></span> <span class='ocrx_word' id='word_1_45' title='bbox 394 794 526 859; x_wconf 87' lang='lat' dir='ltr'><em>quod</em></span> <span class='ocrx_word' id='word_1_46' title='bbox 563 794 871 842; x_wconf 85' lang='lat' dir='ltr'><em>Ruhnkenius</em></span> <span class='ocrx_word' id='word_1_47' title='bbox 902 796 1102 862; x_wconf 84' lang='lat' dir='ltr'><strong>sumpsit</strong></span> <span class='ocrx_word' id='word_1_48' title='bbox 1143 788 1431 860; x_wconf 83' lang='lat' dir='ltr'><em>exemplum:</em></span> <span class='ocrx_word' id='word_1_49' title='bbox 1487 796 1632 856; x_wconf 85' lang='lat' dir='ltr'><em>„Qui</em></span> 
     </span>
     <span class='ocr_line' id='line_1_8' title="bbox 196 876 1631 939; baseline 0.001 -18"><span class='ocrx_word' id='word_1_50' title='bbox 196 876 431 921; x_wconf 85' lang='lat' dir='ltr'><em>meritum</em></span> <span class='ocrx_word' id='word_1_51' title='bbox 464 891 733 936; x_wconf 79' lang='lat' dir='ltr'><em>cognomen</em></span> <span class='ocrx_word' id='word_1_52' title='bbox 771 878 852 922; x_wconf 81' lang='lat' dir='ltr'><em>Pii</em></span> <span class='ocrx_word' id='word_1_53' title='bbox 887 886 1214 939; x_wconf 74' lang='lat' dir='ltr'><em>consequutus</em></span> <span class='ocrx_word' id='word_1_54' title='bbox 1243 879 1399 922; x_wconf 76' lang='lat' dir='ltr'><em>erat.“</em></span> <span class='ocrx_word' id='word_1_55' title='bbox 1475 876 1631 923; x_wconf 89' lang='lat' dir='ltr'><em>Krau-</em></span> 
     </span>
     <span class='ocr_line' id='line_1_9' title="bbox 195 955 1631 1022; baseline 0.001 -21"><span class='ocrx_word' id='word_1_56' title='bbox 195 955 372 1001; x_wconf 85' lang='lat' dir='ltr'><em>sianam</em></span> <span class='ocrx_word' id='word_1_57' title='bbox 405 972 517 1001; x_wconf 83' lang='lat' dir='ltr'><em>vero</em></span> <span class='ocrx_word' id='word_1_58' title='bbox 554 955 805 1002; x_wconf 82' lang='lat' dir='ltr'><em>lectionem</em></span> <span class='ocrx_word' id='word_1_59' title='bbox 849 969 935 1016; x_wconf 83' lang='lat' dir='ltr'><em>„et</em></span> <span class='ocrx_word' id='word_1_60' title='bbox 965 957 1187 1003; x_wconf 84' lang='lat' dir='ltr'><em>meritum</em></span> <span class='ocrx_word' id='word_1_61' title='bbox 1216 957 1388 1022; x_wconf 81' lang='lat' dir='ltr'><em>virtute</em></span> <span class='ocrx_word' id='word_1_62' title='bbox 1420 957 1631 1022; x_wconf 86' lang='lat' dir='ltr'><em>utique“·</em></span> 
     </span>
     <span class='ocr_line' id='line_1_10' title="bbox 195 1033 1629 1101; baseline 0.003 -22"><span class='ocrx_word' id='word_1_63' title='bbox 195 1034 395 1080; x_wconf 82' lang='lat' dir='ltr'><em>aliorum</em></span> <span class='ocrx_word' id='word_1_64' title='bbox 432 1051 488 1080; x_wconf 83' lang='lat' dir='ltr'><em>ex</em></span> <span class='ocrx_word' id='word_1_65' title='bbox 528 1033 810 1081; x_wconf 85' lang='lat' dir='ltr'><em>coniecturis</em></span> <span class='ocrx_word' id='word_1_66' title='bbox 848 1037 1128 1095; x_wconf 84' lang='lat' dir='ltr'><em>conflatam,</em></span> <span class='ocrx_word' id='word_1_67' title='bbox 1176 1049 1427 1101; x_wconf 84' lang='lat' dir='ltr'><em>natamque</em></span> <span class='ocrx_word' id='word_1_68' title='bbox 1463 1036 1629 1097; x_wconf 90' lang='lat' dir='ltr'><em>ventis,</em></span> 
     </span>
     <span class='ocr_line' id='line_1_11' title="bbox 193 1113 743 1175; baseline -0.002 -14"><span class='ocrx_word' id='word_1_69' title='bbox 193 1115 343 1161; x_wconf 88' lang='lat' dir='ltr'><em>ventis</em></span> <span class='ocrx_word' id='word_1_70' title='bbox 381 1113 647 1161; x_wconf 85' lang='lat' dir='ltr'><strong>reddamus.</strong></span> <span class='ocrx_word' id='word_1_71' title='bbox 742 1172 743 1175; x_wconf 11' lang='grc' dir='ltr'><strong>Ἴ</strong></span> 
     </span>
    </p>

    <p class='ocr_par' dir='ltr' id='par_1_6' title="bbox 191 1193 1628 1340">
     <span class='ocr_line' id='line_1_12' title="bbox 321 1193 1628 1261; baseline 0.002 -19"><span class='ocrx_word' id='word_1_72' title='bbox 321 1195 382 1242; x_wconf 89' lang='lat' dir='ltr'><em>Et</em></span> <span class='ocrx_word' id='word_1_73' title='bbox 423 1194 499 1242; x_wconf 86' lang='lat' dir='ltr'><em>vix</em></span> <span class='ocrx_word' id='word_1_74' title='bbox 550 1208 642 1254; x_wconf 87' lang='lat' dir='ltr'><em>est,</em></span> <span class='ocrx_word' id='word_1_75' title='bbox 695 1193 829 1259; x_wconf 85' lang='lat' dir='ltr'><em>quod</em></span> <span class='ocrx_word' id='word_1_76' title='bbox 881 1194 1068 1255; x_wconf 80' lang='lat' dir='ltr'><em>dicam,</em></span> <span class='ocrx_word' id='word_1_77' title='bbox 1130 1211 1293 1243; x_wconf 78' lang='lat' dir='ltr'><em>notam</em></span> <span class='ocrx_word' id='word_1_78' title='bbox 1340 1197 1413 1260; x_wconf 84' lang='lat' dir='ltr'><em>ei9</em></span> <span class='ocrx_word' id='word_1_79' title='bbox 1460 1196 1628 1261; x_wconf 87' lang='lat' dir='ltr'><em>(eius)</em></span> 
     </span>
     <span class='ocr_line' id='line_1_13' title="bbox 191 1274 1387 1340; baseline 0 -18"><span class='ocrx_word' id='word_1_80' title='bbox 191 1274 415 1322; x_wconf 81' lang='lat' dir='ltr'><em>facillime</em></span> <span class='ocrx_word' id='word_1_81' title='bbox 445 1292 535 1340; x_wconf 82' lang='lat' dir='ltr'><em>pro</em></span> <span class='ocrx_word' id='word_1_82' title='bbox 570 1275 706 1321; x_wconf 87' lang='lat' dir='ltr'><em>litera</em></span> <span class='ocrx_word' id='word_1_83' title='bbox 740 1294 784 1339; x_wconf 88' lang='lat' dir='ltr'><em>q.</em></span> <span class='ocrx_word' id='word_1_84' title='bbox 819 1276 957 1339; x_wconf 79' lang='lat' dir='ltr'><em>(que)</em></span> <span class='ocrx_word' id='word_1_85' title='bbox 992 1276 1140 1340; x_wconf 80' lang='lat' dir='ltr'><em>accipi</em></span> <span class='ocrx_word' id='word_1_86' title='bbox 1168 1277 1387 1340; x_wconf 83' lang='lat' dir='ltr'><em>potuisse.</em></span> 
     </span>
    </p>

    <p class='ocr_par' dir='ltr' id='par_1_7' title="bbox 191 1354 1630 1822">
     <span class='ocr_line' id='line_1_14' title="bbox 323 1354 1630 1422; baseline 0.002 -20"><span class='ocrx_word' id='word_1_87' title='bbox 323 1354 496 1421; x_wconf 84' lang='lat' dir='ltr'>Neque</span> <span class='ocrx_word' id='word_1_88' title='bbox 532 1354 700 1418; x_wconf 87' lang='lat' dir='ltr'><em>religio</em></span> <span class='ocrx_word' id='word_1_89' title='bbox 736 1355 825 1401; x_wconf 89' lang='lat' dir='ltr'><em>erit</em></span> <span class='ocrx_word' id='word_1_90' title='bbox 860 1373 1039 1419; x_wconf 87' lang='lat' dir='ltr'><em>ponere</em></span> <span class='ocrx_word' id='word_1_91' title='bbox 1075 1355 1127 1402; x_wconf 89' lang='lat' dir='ltr'><em>h.</em></span> <span class='ocrx_word' id='word_1_92' title='bbox 1156 1357 1186 1402; x_wconf 93' lang='lat' dir='ltr'><em>l.</em></span> <span class='ocrx_word' id='word_1_93' title='bbox 1218 1357 1306 1402; x_wconf 83' lang='lat' dir='ltr'><em>alia</em></span> <span class='ocrx_word' id='word_1_94' title='bbox 1336 1370 1474 1422; x_wconf 87' lang='lat' dir='ltr'><em>atque</em></span> <span class='ocrx_word' id='word_1_95' title='bbox 1502 1355 1630 1404; x_wconf 82' lang='lat' dir='ltr'><em>Rhe-</em></span> 
     </span>
     <span class='ocr_line' id='line_1_15' title="bbox 192 1433 1630 1500; baseline 0.001 -18"><span class='ocrx_word' id='word_1_96' title='bbox 192 1436 394 1482; x_wconf 87' lang='lat' dir='ltr'><em>naniana</em></span> <span class='ocrx_word' id='word_1_97' title='bbox 423 1433 792 1499; x_wconf 84' lang='lat' dir='ltr'><em>interpungendi</em></span> <span class='ocrx_word' id='word_1_98' title='bbox 823 1436 971 1499; x_wconf 84' lang='lat' dir='ltr'><em>signa.</em></span> <span class='ocrx_word' id='word_1_99' title='bbox 1030 1435 1302 1500; x_wconf 83' lang='lat' dir='ltr'><em>Langueret</em></span> <span class='ocrx_word' id='word_1_100' title='bbox 1326 1437 1456 1483; x_wconf 88' lang='lat' dir='ltr'><em>enim</em></span> <span class='ocrx_word' id='word_1_101' title='bbox 1480 1437 1630 1484; x_wconf 82' lang='lat' dir='ltr'><em>oratio</em></span> 
     </span>
     <span class='ocr_line' id='line_1_16' title="bbox 191 1514 1629 1582; baseline -0.001 -19"><span class='ocrx_word' id='word_1_102' title='bbox 191 1516 231 1563; x_wconf 91' lang='lat' dir='ltr'><em>si</em></span> <span class='ocrx_word' id='word_1_103' title='bbox 249 1516 352 1582; x_wconf 88' lang='lat' dir='ltr'><em>quis</em></span> <span class='ocrx_word' id='word_1_104' title='bbox 377 1544 436 1552; x_wconf 90' lang='lat'><em>-—</em></span> <span class='ocrx_word' id='word_1_105' title='bbox 463 1514 594 1581; x_wconf 88' lang='lat' dir='ltr'><em>quod</em></span> <span class='ocrx_word' id='word_1_106' title='bbox 616 1515 734 1562; x_wconf 86' lang='lat' dir='ltr'><em>mihi</em></span> <span class='ocrx_word' id='word_1_107' title='bbox 757 1533 950 1581; x_wconf 89' lang='lat' dir='ltr'><em>quoque</em></span> <span class='ocrx_word' id='word_1_108' title='bbox 974 1516 1089 1563; x_wconf 89' lang='lat' dir='ltr'><em>olim</em></span> <span class='ocrx_word' id='word_1_109' title='bbox 1110 1516 1158 1563; x_wconf 90' lang='lat' dir='ltr'><em>in</em></span> <span class='ocrx_word' id='word_1_110' title='bbox 1190 1531 1400 1564; x_wconf 83' lang='lat' dir='ltr'><em>mentem</em></span> <span class='ocrx_word' id='word_1_111' title='bbox 1425 1516 1629 1564; x_wconf 87' lang='lat' dir='ltr'><em>venit-—</em></span> 
     </span>
     <span class='ocr_line' id='line_1_17' title="bbox 191 1595 1628 1660; baseline -0.001 -17"><span class='ocrx_word' id='word_1_112' title='bbox 191 1597 437 1645; x_wconf 78' lang='lat' dir='ltr'><em>scriberet:</em></span> <span class='ocrx_word' id='word_1_113' title='bbox 476 1610 522 1642; x_wconf 87' lang='lat' dir='ltr'><em>et</em></span> <span class='ocrx_word' id='word_1_114' title='bbox 550 1595 818 1660; x_wconf 84' lang='lat' dir='ltr'><em>triumphus</em></span> <span class='ocrx_word' id='word_1_115' title='bbox 853 1595 944 1644; x_wconf 81' lang='lat' dir='ltr'><em>fuit</em></span> <span class='ocrx_word' id='word_1_116' title='bbox 977 1597 1293 1656; x_wconf 79' lang='lat' dir='ltr'><em>clarissimus,</em></span> <span class='ocrx_word' id='word_1_117' title='bbox 1329 1611 1375 1644; x_wconf 86' lang='lat' dir='ltr'><em>et</em></span> <span class='ocrx_word' id='word_1_118' title='bbox 1409 1597 1628 1643; x_wconf 86' lang='lat' dir='ltr'><em>meritum</em></span> 
     </span>
     <span class='ocr_line' id='line_1_18' title="bbox 191 1666 1629 1742; baseline -0.001 -18"><span class='ocrx_word' id='word_1_119' title='bbox 191 1684 280 1734; x_wconf 83' lang='lat' dir='ltr'><em>(sc.</em></span> <span class='ocrx_word' id='word_1_120' title='bbox 320 1675 632 1724; x_wconf 83' lang='lat' dir='ltr'><em>clarissimum</em></span> <span class='ocrx_word' id='word_1_121' title='bbox 676 1675 816 1731; x_wconf 76' lang='lat' dir='ltr'><em>fuit):</em></span> <span class='ocrx_word' id='word_1_122' title='bbox 865 1676 1121 1742; x_wconf 86' lang='lat' dir='ltr'><em>virtutique</em></span> <span class='ocrx_word' id='word_1_123' title='bbox 1158 1666 1230 1742; x_wconf 86' lang='lat' dir='ltr'><em>(s.</em></span> <span class='ocrx_word' id='word_1_124' title='bbox 1270 1678 1478 1742; x_wconf 82' lang='lat' dir='ltr'><em>quippe)</em></span> <span class='ocrx_word' id='word_1_125' title='bbox 1532 1676 1629 1723; x_wconf 90' lang='lat' dir='ltr'><em>eius</em></span> 
     </span>
     <span class='ocr_line' id='line_1_19' title="bbox 191 1754 1629 1822; baseline -0.001 -17"><span class='ocrx_word' id='word_1_126' title='bbox 191 1774 459 1822; x_wconf 84' lang='lat' dir='ltr'><em>cognomen</em></span> <span class='ocrx_word' id='word_1_127' title='bbox 484 1754 732 1803; x_wconf 86' lang='lat' dir='ltr'><em>Numidici</em></span> <span class='ocrx_word' id='word_1_128' title='bbox 763 1754 985 1804; x_wconf 81' lang='lat' dir='ltr'><em>inditum.</em></span> <span class='ocrx_word' id='word_1_129' title='bbox 1056 1757 1205 1805; x_wconf 84' lang='lat' dir='ltr'><em>Recte</em></span> <span class='ocrx_word' id='word_1_130' title='bbox 1244 1758 1370 1804; x_wconf 89' lang='lat' dir='ltr'><em>enim</em></span> <span class='ocrx_word' id='word_1_131' title='bbox 1393 1756 1629 1805; x_wconf 86' lang='lat' dir='ltr'><em>Krausius</em></span> 
     </span>
    </p>
   </div>
   <div class='ocr_carea' id='block_1_6' title="bbox 191 1835 1679 1901">
    <p class='ocr_par' dir='ltr' id='par_1_8' title="bbox 191 1835 1679 1901">
     <span class='ocr_line' id='line_1_20' title="bbox 191 1835 1679 1901; baseline -0.001 -16"><span class='ocrx_word' id='word_1_132' title='bbox 191 1837 537 1897; x_wconf 86' lang='lat' dir='ltr'><em>animadvertit,</em></span> <span class='ocrx_word' id='word_1_133' title='bbox 586 1835 639 1882; x_wconf 84' lang='lat' dir='ltr'><em>iis</em></span> <span class='ocrx_word' id='word_1_134' title='bbox 694 1853 812 1900; x_wconf 85' lang='lat' dir='ltr'><em>quae</em></span> <span class='ocrx_word' id='word_1_135' title='bbox 862 1837 1009 1900; x_wconf 83' lang='lat' dir='ltr'><em>capite</em></span> <span class='ocrx_word' id='word_1_136' title='bbox 1067 1840 1122 1884; x_wconf 88' lang='lat'><em>15</em></span> <span class='ocrx_word' id='word_1_137' title='bbox 1167 1838 1202 1901; x_wconf 57' lang='grc' dir='ltr'><em>ᾗ.</em></span> <span class='ocrx_word' id='word_1_138' title='bbox 1235 1840 1276 1884; x_wconf 79' lang='lat'><em>4.</em></span> <span class='ocrx_word' id='word_1_139' title='bbox 1324 1838 1627 1901; x_wconf 84' lang='lat' dir='ltr'><em>legerentur:</em></span> <span class='ocrx_word' id='word_1_140' title='bbox 1676 1835 1679 1840; x_wconf 55' lang='lat'><strong><em>¹</em></strong></span> 
     </span>
    </p>
   </div>
   <div class='ocr_carea' id='block_1_7' title="bbox 189 1917 1628 2464">
    <p class='ocr_par' dir='ltr' id='par_1_9' title="bbox 189 1917 1628 2464">
     <span class='ocr_line' id='line_1_21' title="bbox 189 1917 1628 1979; baseline 0 -15"><span class='ocrx_word' id='word_1_141' title='bbox 189 1953 223 1976; x_wconf 88' lang='lat'>„</span> <span class='ocrx_word' id='word_1_142' title='bbox 239 1919 495 1973; x_wconf 76' lang='lat' dir='ltr'><em>Metellus,</em></span> <span class='ocrx_word' id='word_1_143' title='bbox 556 1918 643 1979; x_wconf 83' lang='lat' dir='ltr'><em>qui</em></span> <span class='ocrx_word' id='word_1_144' title='bbox 698 1917 933 1962; x_wconf 81' lang='lat' dir='ltr'><em>meritum</em></span> <span class='ocrx_word' id='word_1_145' title='bbox 993 1934 1262 1978; x_wconf 77' lang='lat' dir='ltr'><em>cognomen</em></span> <span class='ocrx_word' id='word_1_146' title='bbox 1321 1919 1405 1963; x_wconf 85' lang='lat' dir='ltr'><em>Pii</em></span> <span class='ocrx_word' id='word_1_147' title='bbox 1462 1935 1628 1964; x_wconf 87' lang='lat' dir='ltr'><em>conse-</em></span> 
     </span>
     <span class='ocr_line' id='line_1_22' title="bbox 192 1986 1627 2063; baseline 0 -18"><span class='ocrx_word' id='word_1_148' title='bbox 192 2004 381 2061; x_wconf 77' lang='lat' dir='ltr'><em>quutus</em></span> <span class='ocrx_word' id='word_1_149' title='bbox 407 2004 575 2057; x_wconf 77' lang='lat' dir='ltr'><em>erat‚“</em></span> <span class='ocrx_word' id='word_1_150' title='bbox 621 2010 860 2061; x_wconf 81' lang='lat' dir='ltr'><em>tamquam</em></span> <span class='ocrx_word' id='word_1_151' title='bbox 898 1986 1171 2043; x_wconf 56' lang='lat' dir='ltr'><em>men‘xcriter</em></span> <span class='ocrx_word' id='word_1_152' title='bbox 1215 1997 1272 2042; x_wconf 85' lang='lat' dir='ltr'><em>ab</em></span> <span class='ocrx_word' id='word_1_153' title='bbox 1313 1996 1437 2057; x_wconf 80' lang='lat' dir='ltr'><em>hoc,</em></span> <span class='ocrx_word' id='word_1_154' title='bbox 1483 2015 1627 2063; x_wconf 88' lang='lat' dir='ltr'><em>quem</em></span> 
     </span>
     <span class='ocr_line' id='line_1_23' title="bbox 191 2072 1628 2141; baseline -0.001 -16"><span class='ocrx_word' id='word_1_155' title='bbox 191 2072 469 2138; x_wconf 70' lang='lat' dir='ltr'><em>tractamus,</em></span> <span class='ocrx_word' id='word_1_156' title='bbox 513 2078 622 2125; x_wconf 90' lang='lat' dir='ltr'><em>loco</em></span> <span class='ocrx_word' id='word_1_157' title='bbox 662 2076 866 2141; x_wconf 84' lang='lat' dir='ltr'><em>repetitis</em></span> <span class='ocrx_word' id='word_1_158' title='bbox 909 2075 1115 2136; x_wconf 84' lang='lat' dir='ltr'><em>ostendi,</em></span> <span class='ocrx_word' id='word_1_159' title='bbox 1157 2077 1357 2123; x_wconf 87' lang='lat' dir='ltr'><em>verbum</em></span> <span class='ocrx_word' id='word_1_160' title='bbox 1391 2080 1628 2124; x_wconf 80' lang='lat' dir='ltr'><em>meritum</em></span> 
     </span>
     <span class='ocr_line' id='line_1_24' title="bbox 189 2153 1628 2223; baseline -0.001 -18"><span class='ocrx_word' id='word_1_161' title='bbox 189 2157 491 2223; x_wconf 81' lang='lat' dir='ltr'><em>participium</em></span> <span class='ocrx_word' id='word_1_162' title='bbox 533 2175 645 2219; x_wconf 83' lang='lat' dir='ltr'><em>esse,</em></span> <span class='ocrx_word' id='word_1_163' title='bbox 682 2154 781 2206; x_wconf 74' lang='lat' dir='ltr'><em>nen</em></span> <span class='ocrx_word' id='word_1_164' title='bbox 815 2158 1170 2206; x_wconf 84' lang='lat' dir='ltr'><em>substantivum.</em></span> <span class='ocrx_word' id='word_1_165' title='bbox 1244 2153 1462 2218; x_wconf 83' lang='lat' dir='ltr'><em>Accedit,</em></span> <span class='ocrx_word' id='word_1_166' title='bbox 1495 2156 1628 2222; x_wconf 89' lang='lat' dir='ltr'><em>quod</em></span> 
     </span>
     <span class='ocr_line' id='line_1_25' title="bbox 190 2237 1626 2303; baseline -0.001 -17"><span class='ocrx_word' id='word_1_167' title='bbox 190 2238 477 2286; x_wconf 85' lang='lat' dir='ltr'><em>vocabulum</em></span> <span class='ocrx_word' id='word_1_168' title='bbox 517 2239 736 2286; x_wconf 86' lang='lat' dir='ltr'><em>meritum</em></span> <span class='ocrx_word' id='word_1_169' title='bbox 771 2255 826 2285; x_wconf 93' lang='lat' dir='ltr'><em>eo</em></span> <span class='ocrx_word' id='word_1_170' title='bbox 863 2255 958 2303; x_wconf 90' lang='lat' dir='ltr'><em>quo</em></span> <span class='ocrx_word' id='word_1_171' title='bbox 989 2239 1211 2286; x_wconf 89' lang='lat' dir='ltr'><em>volumus</em></span> <span class='ocrx_word' id='word_1_172' title='bbox 1257 2255 1420 2299; x_wconf 76' lang='lat' dir='ltr'><em>sensu,</em></span> <span class='ocrx_word' id='word_1_173' title='bbox 1477 2250 1527 2285; x_wconf 91' lang='lat' dir='ltr'><em>ut</em></span> <span class='ocrx_word' id='word_1_174' title='bbox 1566 2237 1626 2284; x_wconf 87' lang='lat' dir='ltr'><em>sit</em></span> 
     </span>
     <span class='ocr_line' id='line_1_26' title="bbox 192 2318 1625 2384; baseline 0 -19"><span class='ocrx_word' id='word_1_175' title='bbox 192 2318 595 2383; x_wconf 81' lang='lat' dir='ltr'><em>francogallorum</em></span> <span class='ocrx_word' id='word_1_176' title='bbox 643 2318 727 2380; x_wconf 88' lang='lat' dir='ltr'><em>„le</em></span> <span class='ocrx_word' id='word_1_177' title='bbox 768 2318 977 2366; x_wconf 82' lang='lat' dir='ltr'><em>me&#39;rite“</em></span> <span class='ocrx_word' id='word_1_178' title='bbox 1028 2318 1258 2384; x_wconf 80' lang='lat' dir='ltr'><em>singulari</em></span> <span class='ocrx_word' id='word_1_179' title='bbox 1305 2334 1504 2365; x_wconf 86' lang='lat' dir='ltr'><em>numero</em></span> <span class='ocrx_word' id='word_1_180' title='bbox 1539 2335 1625 2383; x_wconf 85' lang='lat' dir='ltr'><em>po-</em></span> 
     </span>
     <span class='ocr_line' id='line_1_27' title="bbox 192 2397 833 2464; baseline -0.002 -18"><span class='ocrx_word' id='word_1_181' title='bbox 192 2398 331 2446; x_wconf 82' lang='lat' dir='ltr'><em>situm</em></span> <span class='ocrx_word' id='word_1_182' title='bbox 359 2397 435 2447; x_wconf 85' lang='lat' dir='ltr'><em>vix</em></span> <span class='ocrx_word' id='word_1_183' title='bbox 470 2399 739 2464; x_wconf 79' lang='lat' dir='ltr'><em>reperiatur.</em></span> <span class='ocrx_word' id='word_1_184' title='bbox 771 2427 833 2437; x_wconf 89' lang='lat'><em>--</em></span> 
     </span>
    </p>
   </div>
   <div class='ocr_carea' id='block_1_8' title="bbox 1692 24 1703 785">
    <p class='ocr_par' dir='ltr' id='par_1_10' title="bbox 1692 24 1703 785">
     <span class='ocr_line' id='line_1_28' title="bbox 1692 24 1703 785; baseline 0 0"><span class='ocrx_word' id='word_1_185' title='bbox 1692 24 1703 785; x_wconf 95' lang='lat' dir='ltr'><em> </em></span> 
     </span>
    </p>
   </div>
   <div class='ocr_carea' id='block_1_9' title="bbox 1692 24 1703 785">
    <p class='ocr_par' dir='ltr' id='par_1_11' title="bbox 1692 24 1703 785">
     <span class='ocr_line' id='line_1_29' title="bbox 1692 24 1703 785; baseline 0 0"><span class='ocrx_word' id='word_1_186' title='bbox 1692 24 1703 785; x_wconf 95' lang='lat' dir='ltr'><em> </em></span> 
     </span>
    </p>
   </div>
   <div class='ocr_carea' id='block_1_10' title="bbox 1694 641 1715 1031">
    <p class='ocr_par' dir='ltr' id='par_1_12' title="bbox 1694 641 1715 1031">
     <span class='ocr_line' id='line_1_30' title="bbox 1694 641 1715 1031; baseline 0 0"><span class='ocrx_word' id='word_1_187' title='bbox 1694 641 1715 1031; x_wconf 95' lang='lat' dir='ltr'><em>  </em></span> 
     </span>
    </p>
   </div>
   <div class='ocr_carea' id='block_1_11' title="bbox 1702 959 1715 1111">
    <p class='ocr_par' dir='ltr' id='par_1_13' title="bbox 1702 959 1715 1111">
     <span class='ocr_line' id='line_1_31' title="bbox 1702 959 1715 1111; baseline 0 -80"><span class='ocrx_word' id='word_1_188' title='bbox 1702 959 1715 1111; x_wconf 95' lang='lat' dir='ltr'><em>  </em></span> 
     </span>
    </p>
   </div>
  </div>
 </body>
</html>
