1715 3117
168 199 261 249 108

167 344 308 395 quam
342 325 445 374 fieri
479 325 623 390 possit
650 325 881 390 aptissime
916 323 1104 390 explere
1136 322 1282 370 liceat.
1358 321 1588 386 Intelliges

166 408 291 457 enim
325 399 522 456 =verbum
555 408 709 453 tuitus
742 405 876 452 facile
910 417 1106 468 propter
1135 403 1396 451 vicinarum
1418 421 1590 452 vocum

167 485 524 535 similitudinem
562 478 777 533 excidere
814 484 1031 550 potuisse.

294 565 597 613 Levissimam
624 564 750 611 vocis
779 565 1045 626 imperium
1073 562 1226 609 littera
1251 570 1272 606 t
1300 559 1456 609 addita
1489 579 1592 609 eor-

164 647 420 696 rectionem
471 644 551 708 qui
597 644 868 709 impugnet,
920 640 1179 689 invenietur
1224 657 1390 703 nemo,
1439 658 1593 707 neque

165 728 434 793 quisquam,
483 723 685 790 opinor,
731 722 940 788 negabit,
988 720 1248 769 contortius
1294 738 1390 768 esse
1423 720 1594 769 Ruhn-

164 807 421 856 kenianum
455 802 601 851 illud:

309 886 584 947 Imperium
623 883 886 946 perpetuis
931 881 1182 930 exercitiis
1217 882 1435 928 exercitu
1460 897 1598 943 pene

307 994 374 1004 --
407 967 628 1011 redacto.

165 1046 438 1096 Vcabulum
464 1044 696 1102 exercita,
724 1040 764 1088 si
785 1038 902 1105 quid
916 1038 1070 1100 video,
1092 1040 1247 1087 statim
1269 1052 1377 1105 post
1386 1057 1428 1087 v.
1444 1041 1599 1102 impe-

165 1128 296 1174 rium
336 1137 540 1190 ponatur
585 1121 674 1169 nisi
713 1136 901 1168 necesse
940 1120 1021 1180 sit,
1082 1133 1129 1166 at
1177 1132 1302 1167 certe
1339 1120 1598 1183 elegantiae
1664 1131 1666 1134 '

166 1205 445 1254 conveniret.
512 1202 568 1249 In
599 1201 701 1265 ipso
744 1199 907 1247 codice
940 1199 1101 1247 Murb.
1127 1199 1348 1246 exstitisse
1383 1199 1598 1248 confido:

168 1286 480 1333 custoditum.
569 1280 626 1328 In
663 1279 1008 1346 antiquioribus
1052 1292 1207 1325 autem
1251 1277 1389 1326 codd.
1427 1279 1601 1344 scripta

165 1366 352 1412 fuerant
373 1364 510 1410 haec:
545 1356 1073 1407 custodiataitzffcitzcm.
1149 1357 1306 1413 Quam
1341 1357 1420 1404 hie
1455 1360 1601 1406 verbo

167 1444 345 1491 xcitum
378 1439 727 1506 superimposui
755 1439 977 1485 lineolam
1010 1439 1388 1498 circumflexam,
1426 1439 1604 1504 sumpsi

167 1541 254 1588 pro
288 1523 371 1569 illo
407 1522 649 1568 literarum
685 1537 740 1565 er
773 1519 933 1581 signo,
974 1516 1106 1582 quod
1133 1516 1302 1565 videsis
1334 1536 1405 1582 ap.
1464 1517 1604 1566 Man-

168 1616 283 1650 nert.
318 1603 350 1651 l.
381 1602 412 1650 l.
488 1595 791 1646 Manifestum
830 1598 974 1661 igitur
1017 1610 1110 1657 est,
1159 1596 1426 1657 librarium,
1474 1599 1602 1663 equi-

170 1681 280 1730 dem
319 1682 357 1729 si
400 1698 506 1730 vera
549 1678 775 1738 viderim,
833 1675 1138 1724 similitudine
1184 1676 1307 1723 illius
1351 1668 1493 1742 qiiam
1530 1691 1603 1725 ter

171 1763 416 1827 repetitam
449 1758 628 1825 putarit
656 1758 859 1824 syllabae
892 1759 968 1803 tui
1005 1756 1312 1821 (tuitxcitum)
1353 1756 1605 1806 inductum

172 1859 291 1908 quae
325 1842 374 1889 in
413 1839 572 1888 medio
604 1851 763 1898 erant,
802 1837 1021 1885 omisisse.

532 2097 856 2157 cAPUT
907 2095 1248 2156 LXXXI.

564 2205 650 2243 Vell.
664 2206 711 2251 11,
735 2203 812 2238 112.
829 2203 862 2238 4.
889 2216 923 2250 p.
939 2202 1007 2238 128
1036 2205 1089 2240 ed.
1107 2205 1215 2240 Orell-

280 2307 478 2359 „Quanto
504 2321 592 2348 cum
624 2314 942 2361 temperamento
973 2306 1095 2347 simul
1122 2305 1319 2346 utilitatis
1343 2318 1411 2345 res
1437 2304 1608 2345 auctori.

175 2383 263 2416 tate
287 2378 545 2429 imperatoris
569 2377 641 2429 aqi
662 2376 880 2417 vidimus·ss
940 2380 1006 2414 Ed.
1031 2392 1083 2425 pr.
1113 2392 1144 2424 p.
1161 2379 1224 2415 59.

175 2538 541 2623 Ruhnkenius,
581 2562 689 2610 licet
730 2561 868 2609 etiam
905 2557 1038 2608 suam
1084 2561 1325 2627 quandam
1372 2560 1610 2607 coniectu-

175 2661 279 2692 ram
320 2655 682 2702 commemoret,
731 2654 882 2687 tamen
932 2657 1022 2704 pro
1067 2659 1118 2688 ea
1161 2659 1255 2707 qua
1303 2653 1370 2687 est
1415 2637 1614 2688 candida

176 2723 460 2787 integrum&
506 2720 633 2770 aliud
693 2735 849 2768 censet
923 2719 1188 2769 remedium
1245 2718 1613 2786 exspectandum

1709 2121 1715 2336 ᾖ

1709 2378 1715 2513 ἔ
