1715 3117
1406 165 1469 214 49

41 278 170 344 genti
219 293 336 326 esset
388 282 661 342 obstrictus,
718 282 975 329 Curionem
1037 302 1061 331 a
1107 286 1298 336 Caesare
1350 292 1462 340 libe-

42 371 231 420 ratum3
265 359 366 406 ille:
422 376 455 422 3,
471 355 768 426 Consimilis,
808 362 988 427 inquit,
1023 368 1209 413 mutatio
1241 369 1285 415 in
1321 370 1461 420 domo

43 437 310 486 Curionum
347 441 541 501 exstitit,
579 441 817 507 siquidem
854 443 1011 488 forum
1050 459 1254 493 nostrum
1294 464 1338 495 et
1386 471 1460 515 pa-

39 518 122 565 tris
145 519 469 582 gravissimum
493 523 801 585 supercilium
831 533 874 568 et
903 521 986 568 filii
1017 529 1279 571 sexcenties
1303 544 1458 576 sester-

39 597 160 644 tium
191 600 309 646 aeris
344 601 482 648 alieni
521 604 724 667 aspexit,
759 616 1053 650 contractum
1091 604 1260 651 famosa
1296 609 1459 658 iniuria

37 677 310 736 iuvenum“
333 682 427 745 2⁰).
507 681 667 738 Quare
698 700 845 747 quum
881 683 1143 746 perplaceat
1181 684 1323 749 Lipsii
1360 708 1459 737 eor-

28 753 203 819 rectio,
243 776 346 805 eam
383 777 443 806 ne
475 779 499 807 a
535 761 704 809 Servio
741 762 935 826 quidem
972 780 1122 826 neque
1157 782 1181 809 a
1211 765 1458 816 Scholiaste

35 835 220 884 Lucani
258 855 464 902 quorum
510 854 708 904 uterque
745 859 770 887 a
813 840 1102 888 Rulntkenio
1144 859 1357 892 evocatus
1396 862 1459 894 est

38 915 259 963 recedere
319 916 662 966 demonstrabo.
767 921 873 982 Age
917 920 1065 980 enim,
1115 924 1306 986 propius
1344 928 1459 988 aspi-

37 996 130 1043 cias
182 1014 404 1044 numeros
456 997 557 1044 i'llos
615 1016 639 1044 a
689 997 976 1044 Ruhnkenio
1032 1000 1216 1046 allatos:
1281 1007 1456 1071 decies,

8 1076 9 1079 ’
40 1078 267 1123 XXVII
294 1091 339 1123 et
382 1080 652 1123 sexcenties
684 1078 912 1139 (centies).
993 1075 1237 1126 Numerus
1268 1101 1458 1156 swen-

39 1159 132 1202 ties
178 1156 297 1203 notis
335 1157 665 1203 numeralibus
710 1158 909 1221 scriptus
948 1159 1174 1221 originem
1221 1160 1349 1207 dedit
1391 1164 1456 1210 illi

38 1235 326 1283 Scholiastae
350 1253 549 1282 numero
584 1239 756 1282 decies.
805 1237 875 1282 Ex
903 1227 1026 1289 notis
1047 1239 1265 1284 DCIES
1285 1241 1458 1288 factum

0 1327 106 1370 ¹est
157 1315 397 1362 DECIES.
494 1315 636 1362 Haud
685 1316 882 1362 absimili
937 1316 1118 1363 ratione
1172 1321 1455 1368 vocabulum

38 1396 309 1440 sexcenties
361 1395 423 1441 ita
467 1396 716 1459 scriptum:
765 1394 860 1455 VI,
899 1395 946 1441 C.
981 1396 1077 1442 IES
1125 1400 1221 1460 (=
1254 1401 1455 1461 centies)

38 1487 283 1539 acceptum
340 1488 407 1521 est
461 1492 549 1540 pro
620 1476 771 1520 vicies
837 1477 1049 1536 septaes,-
1120 1479 1270 1524 vicies
1330 1480 1451 1526 enim

28 1565 197 1601 -ortum
250 1567 316 1599 est
373 1571 426 1601 ex
487 1554 635 1601 tribus
696 1554 817 1600 notis
862 1553 975 1600 VIC
1030 1555 1189 1616 (vic),
1254 1576 1451 1621 quarum

39 1632 159 1680 duae
196 1633 378 1698 priores
399 1633 467 1679 VI
501 1650 751 1697 perperam
786 1650 868 1697 pro
894 1632 1040 1678 literis
1074 1637 1124 1678 vi
1155 1633 1449 1684 haberentur.

37 1712 168 1776 Ergo
207 1711 403 1758 dubium
443 1730 540 1760 non
578 1727 666 1773 est,
707 1730 868 1759 omnes
902 1712 999 1758 illas
1031 1712 1250 1759 lectiones
1285 1715 1450 1764 eodem

39 1791 318 1852 convenire,
360 1792 654 1858 eandemque
689 1792 749 1839 ad
783 1809 1012 1838 summam
1053 1791 1220 1839 redire.

94 1958 156 2008 ²⁰)
191 1965 365 1998 Conseras
399 1970 435 1999 et
466 1977 556 2011 quae
591 1966 731 2010 Lipsius
759 1966 833 2009 ipse
866 1969 901 1998 ct
934 1976 1026 2009 quae
1058 1965 1240 1999 Manutiu-
1265 1966 1450 2002 Heinsius-

189 2044 257 2077 que
285 2033 330 2067 ad
361 2034 455 2068 huuc
482 2035 598 2068 locum
627 2034 800 2068 dixerunt.
