<?xml version="1.0" encoding="UTF-8"?>
<!DOCTYPE html PUBLIC "-//W3C//DTD XHTML 1.0 Transitional//EN"
    "http://www.w3.org/TR/xhtml1/DTD/xhtml1-transitional.dtd">
<html xmlns="http://www.w3.org/1999/xhtml" xml:lang="en" lang="en">
 <head>
  <title>
</title>
<meta http-equiv="Content-Type" content="text/html;charset=utf-8" />
  <meta name='ocr-system' content='tesseract 3.04.00' />
  <meta name='ocr-capabilities' content='ocr_page ocr_carea ocr_par ocr_line ocrx_word'/>
</head>
<body>
  <div class='ocr_page' id='page_1' title='image "./locivelleianiine00lauruoft_0098.png"; bbox 0 0 1715 3117; ppageno 0'>
   <div class='ocr_carea' id='block_1_1' title="bbox 226 211 290 259">
    <p class='ocr_par' dir='ltr' id='par_1_1' title="bbox 226 211 290 259">
     <span class='ocr_line' id='line_1_1' title="bbox 226 211 290 259; baseline -0.016 0"><span class='ocrx_word' id='word_1_1' title='bbox 226 211 290 259; x_wconf 81' lang='lat'>70</span> 
     </span>
    </p>
   </div>
   <div class='ocr_carea' id='block_1_2' title="bbox 231 331 1655 482">
    <p class='ocr_par' dir='ltr' id='par_1_2' title="bbox 231 331 1655 482">
     <span class='ocr_line' id='line_1_2' title="bbox 359 331 1655 400; baseline -0.003 -16"><span class='ocrx_word' id='word_1_2' title='bbox 359 333 461 384; x_wconf 83' lang='lat' dir='ltr'>Iam</span> <span class='ocrx_word' id='word_1_3' title='bbox 494 333 558 382; x_wconf 50' lang='lat' dir='ltr'>,ad</span> <span class='ocrx_word' id='word_1_4' title='bbox 584 333 783 383; x_wconf 32' lang='lat' dir='ltr'>*alteram</span> <span class='ocrx_word' id='word_1_5' title='bbox 815 332 976 399; x_wconf 82' lang='lat' dir='ltr'>capitis</span> <span class='ocrx_word' id='word_1_6' title='bbox 1012 344 1194 400; x_wconf 82' lang='lat' dir='ltr'>partem</span> <span class='ocrx_word' id='word_1_7' title='bbox 1227 333 1517 381; x_wconf 78' lang='lat' dir='ltr'><strong>accessimus.</strong></span> <span class='ocrx_word' id='word_1_8' title='bbox 1560 331 1655 387; x_wconf 41' lang='lat' dir='ltr'>Ila-</span> 
     </span>
     <span class='ocr_line' id='line_1_3' title="bbox 231 413 1241 482; baseline -0.004 -18"><span class='ocrx_word' id='word_1_9' title='bbox 231 432 324 482; x_wconf 81' lang='lat' dir='ltr'>que</span> <span class='ocrx_word' id='word_1_10' title='bbox 354 414 474 464; x_wconf 85' lang='lat' dir='ltr'>haec</span> <span class='ocrx_word' id='word_1_11' title='bbox 508 427 692 464; x_wconf 79' lang='lat' dir='ltr'>exstant</span> <span class='ocrx_word' id='word_1_12' title='bbox 719 413 954 463; x_wconf 84' lang='lat' dir='ltr'>Editionis</span> <span class='ocrx_word' id='word_1_13' title='bbox 988 432 1056 478; x_wconf 88' lang='lat' dir='ltr'>pr.</span> <span class='ocrx_word' id='word_1_14' title='bbox 1080 454 1083 460; x_wconf 82' lang='lat'><em>.</em></span> <span class='ocrx_word' id='word_1_15' title='bbox 1093 431 1139 477; x_wconf 90' lang='lat' dir='ltr'>p.</span> <span class='ocrx_word' id='word_1_16' title='bbox 1160 415 1241 460; x_wconf 85' lang='lat'>41:</span> 
     </span>
    </p>
   </div>
   <div class='ocr_carea' id='block_1_3' title="bbox 334 518 1700 644">
    <p class='ocr_par' dir='ltr' id='par_1_3' title="bbox 334 518 1700 644">
     <span class='ocr_line' id='line_1_4' title="bbox 337 518 1700 575; baseline -0.003 -12"><span class='ocrx_word' id='word_1_17' title='bbox 337 550 367 572; x_wconf 91' lang='lat'>‚,</span> <span class='ocrx_word' id='word_1_18' title='bbox 378 537 466 563; x_wconf 81' lang='lat' dir='ltr'>cum</span> <span class='ocrx_word' id='word_1_19' title='bbox 491 524 533 563; x_wconf 78' lang='lat' dir='ltr'>iu</span> <span class='ocrx_word' id='word_1_20' title='bbox 555 522 717 563; x_wconf 81' lang='lat' dir='ltr'>modica</span> <span class='ocrx_word' id='word_1_21' title='bbox 743 521 905 575; x_wconf 80' lang='lat' dir='ltr'>quidem</span> <span class='ocrx_word' id='word_1_22' title='bbox 929 521 1090 560; x_wconf 78' lang='lat' dir='ltr'>servari</span> <span class='ocrx_word' id='word_1_23' title='bbox 1105 525 1249 573; x_wconf 76' lang='lat' dir='ltr'>posset</span> <span class='ocrx_word' id='word_1_24' title='bbox 1274 519 1440 573; x_wconf 77' lang='lat' dir='ltr'>(quippe</span> <span class='ocrx_word' id='word_1_25' title='bbox 1458 520 1580 573; x_wconf 80' lang='lat' dir='ltr'>peior</span> <span class='ocrx_word' id='word_1_26' title='bbox 1597 518 1662 560; x_wconf 78' lang='lat' dir='ltr'>illi</span> <span class='ocrx_word' id='word_1_27' title='bbox 1699 524 1700 536; x_wconf 68' lang='lat'>³</span> 
     </span>
     <span class='ocr_line' id='line_1_5' title="bbox 334 591 1113 644; baseline -0.008 -11"><span class='ocrx_word' id='word_1_28' title='bbox 334 604 404 632; x_wconf 75' lang='lat' dir='ltr'>res</span> <span class='ocrx_word' id='word_1_29' title='bbox 422 592 645 644; x_wconf 76' lang='lat' dir='ltr'>familiaris</span> <span class='ocrx_word' id='word_1_30' title='bbox 668 604 787 644; x_wconf 83' lang='lat' dir='ltr'>quam</span> <span class='ocrx_word' id='word_1_31' title='bbox 815 603 927 630; x_wconf 74' lang='lat' dir='ltr'>mens</span> <span class='ocrx_word' id='word_1_32' title='bbox 954 591 1113 640; x_wconf 79' lang='lat' dir='ltr'>erat).“</span> 
     </span>
    </p>
   </div>
   <div class='ocr_carea' id='block_1_4' title="bbox 1692 0 1715 1826">
    <p class='ocr_par' dir='ltr' id='par_1_4' title="bbox 1692 0 1715 1826">
     <span class='ocr_line' id='line_1_6' title="bbox 1692 0 1715 919; baseline 0 0"><span class='ocrx_word' id='word_1_33' title='bbox 1692 0 1715 919; x_wconf 95' lang='lat' dir='ltr'>  </span> <span class='ocrx_word' id='word_1_34' title='bbox 1703 642 1715 919; x_wconf 95' lang='lat' dir='ltr'> </span> 
     </span>
     <span class='ocr_line' id='line_1_7' title="bbox 1698 919 1715 1826; baseline 0 0"><span class='ocrx_word' id='word_1_35' title='bbox 1698 919 1715 1826; x_wconf 95' lang='lat' dir='ltr'>   </span> 
     </span>
    </p>
   </div>
   <div class='ocr_carea' id='block_1_5' title="bbox 227 682 1708 1784">
    <p class='ocr_par' dir='ltr' id='par_1_5' title="bbox 227 682 1708 1784">
     <span class='ocr_line' id='line_1_8' title="bbox 375 682 1701 749; baseline -0.005 -14"><span class='ocrx_word' id='word_1_36' title='bbox 375 687 652 736; x_wconf 84' lang='lat' dir='ltr'>Ruhnkenii</span> <span class='ocrx_word' id='word_1_37' title='bbox 683 686 976 734; x_wconf 78' lang='lat' dir='ltr'>coniectura:</span> <span class='ocrx_word' id='word_1_38' title='bbox 1017 703 1169 746; x_wconf 85' lang='lat' dir='ltr'>„cum</span> <span class='ocrx_word' id='word_1_39' title='bbox 1196 684 1246 731; x_wconf 87' lang='lat' dir='ltr'>in</span> <span class='ocrx_word' id='word_1_40' title='bbox 1277 683 1375 732; x_wconf 76' lang='lat' dir='ltr'>otio</span> <span class='ocrx_word' id='word_1_41' title='bbox 1411 702 1465 731; x_wconf 89' lang='lat' dir='ltr'>ac</span> <span class='ocrx_word' id='word_1_42' title='bbox 1501 682 1658 749; x_wconf 86' lang='lat' dir='ltr'>quiete</span> <span class='ocrx_word' id='word_1_43' title='bbox 1700 711 1701 742; x_wconf 54' lang='lat'>1</span> 
     </span>
     <span class='ocr_line' id='line_1_9' title="bbox 229 745 1703 832; baseline -0.005 -15"><span class='ocrx_word' id='word_1_44' title='bbox 229 769 401 817; x_wconf 81' lang='lat' dir='ltr'>servari</span> <span class='ocrx_word' id='word_1_45' title='bbox 443 786 538 814; x_wconf 86' lang='lat' dir='ltr'>non</span> <span class='ocrx_word' id='word_1_46' title='bbox 584 770 796 832; x_wconf 81' lang='lat' dir='ltr'>posset,“</span> <span class='ocrx_word' id='word_1_47' title='bbox 846 764 1066 826; x_wconf 85' lang='lat' dir='ltr'>audacia,</span> <span class='ocrx_word' id='word_1_48' title='bbox 1126 782 1224 812; x_wconf 88' lang='lat' dir='ltr'>non</span> <span class='ocrx_word' id='word_1_49' title='bbox 1272 764 1425 830; x_wconf 78' lang='lat' dir='ltr'>pretio</span> <span class='ocrx_word' id='word_1_50' title='bbox 1471 777 1661 829; x_wconf 83' lang='lat' dir='ltr'>superat</span> <span class='ocrx_word' id='word_1_51' title='bbox 1700 745 1703 818; x_wconf 53' lang='lat' dir='ltr'>l</span> 
     </span>
     <span class='ocr_line' id='line_1_10' title="bbox 228 843 1703 910; baseline -0.005 -14"><span class='ocrx_word' id='word_1_52' title='bbox 228 850 359 897; x_wconf 88' lang='lat' dir='ltr'>illam</span> <span class='ocrx_word' id='word_1_53' title='bbox 401 848 488 896; x_wconf 85' lang='lat' dir='ltr'>Ed.</span> <span class='ocrx_word' id='word_1_54' title='bbox 534 848 665 895; x_wconf 61' lang='lat' dir='ltr'>Bas:</span> <span class='ocrx_word' id='word_1_55' title='bbox 731 865 884 908; x_wconf 85' lang='lat' dir='ltr'>„cum</span> <span class='ocrx_word' id='word_1_56' title='bbox 931 862 991 892; x_wconf 90' lang='lat' dir='ltr'>ne</span> <span class='ocrx_word' id='word_1_57' title='bbox 1044 846 1069 892; x_wconf 74' lang='lat' dir='ltr'>a</span> <span class='ocrx_word' id='word_1_58' title='bbox 1106 845 1206 892; x_wconf 89' lang='lat' dir='ltr'>Diis</span> <span class='ocrx_word' id='word_1_59' title='bbox 1252 843 1448 910; x_wconf 82' lang='lat' dir='ltr'>quidem</span> <span class='ocrx_word' id='word_1_60' title='bbox 1489 843 1663 892; x_wconf 83' lang='lat' dir='ltr'>servari</span> <span class='ocrx_word' id='word_1_61' title='bbox 1701 843 1703 850; x_wconf 74' lang='grc'>’</span> 
     </span>
     <span class='ocr_line' id='line_1_11' title="bbox 228 925 1703 995; baseline -0.004 -19"><span class='ocrx_word' id='word_1_62' title='bbox 228 932 432 995; x_wconf 86' lang='lat' dir='ltr'>posset.“</span> <span class='ocrx_word' id='word_1_63' title='bbox 501 928 724 975; x_wconf 77' lang='lat' dir='ltr'><strong>Attamen</strong></span> <span class='ocrx_word' id='word_1_64' title='bbox 762 940 929 972; x_wconf 83' lang='lat' dir='ltr'>neutra</span> <span class='ocrx_word' id='word_1_65' title='bbox 964 926 1132 990; x_wconf 82' lang='lat' dir='ltr'>placet.</span> <span class='ocrx_word' id='word_1_66' title='bbox 1202 925 1333 973; x_wconf 86' lang='lat' dir='ltr'>Illud</span> <span class='ocrx_word' id='word_1_67' title='bbox 1360 942 1474 983; x_wconf 81' lang='lat' dir='ltr'>vero</span> <span class='ocrx_word' id='word_1_68' title='bbox 1504 941 1659 971; x_wconf 86' lang='lat' dir='ltr'>recor·</span> <span class='ocrx_word' id='word_1_69' title='bbox 1702 947 1703 987; x_wconf 72' lang='lat' dir='ltr'>j</span> 
     </span>
     <span class='ocr_line' id='line_1_12' title="bbox 230 1004 1704 1070; baseline -0.005 -13"><span class='ocrx_word' id='word_1_70' title='bbox 230 1009 334 1057; x_wconf 81' lang='lat' dir='ltr'>dari</span> <span class='ocrx_word' id='word_1_71' title='bbox 360 1009 488 1055; x_wconf 81' lang='lat' dir='ltr'>iubet</span> <span class='ocrx_word' id='word_1_72' title='bbox 515 1006 770 1054; x_wconf 83' lang='lat' dir='ltr'>Krausius:</span> <span class='ocrx_word' id='word_1_73' title='bbox 814 1004 1084 1067; x_wconf 85' lang='lat' dir='ltr'>„Velleium</span> <span class='ocrx_word' id='word_1_74' title='bbox 1115 1004 1298 1070; x_wconf 82' lang='lat' dir='ltr'>saepius</span> <span class='ocrx_word' id='word_1_75' title='bbox 1331 1022 1402 1051; x_wconf 81' lang='lat' dir='ltr'>res</span> <span class='ocrx_word' id='word_1_76' title='bbox 1436 1021 1582 1052; x_wconf 87' lang='lat' dir='ltr'>novas</span> <span class='ocrx_word' id='word_1_77' title='bbox 1616 1017 1661 1050; x_wconf 88' lang='lat' dir='ltr'>et</span> <span class='ocrx_word' id='word_1_78' title='bbox 1702 1018 1704 1054; x_wconf 64' lang='lat'>¹,</span> 
     </span>
     <span class='ocr_line' id='line_1_13' title="bbox 227 1081 1704 1160; baseline -0.005 -25"><span class='ocrx_word' id='word_1_79' title='bbox 227 1089 456 1137; x_wconf 87' lang='lat' dir='ltr'>tumultus</span> <span class='ocrx_word' id='word_1_80' title='bbox 494 1085 776 1134; x_wconf 87' lang='lat' dir='ltr'>domesticos</span> <span class='ocrx_word' id='word_1_81' title='bbox 815 1099 1037 1150; x_wconf 83' lang='lat' dir='ltr'>tanquam</span> <span class='ocrx_word' id='word_1_82' title='bbox 1082 1083 1141 1130; x_wconf 87' lang='lat' dir='ltr'>ad</span> <span class='ocrx_word' id='word_1_83' title='bbox 1175 1102 1364 1132; x_wconf 84' lang='lat' dir='ltr'>causam</span> <span class='ocrx_word' id='word_1_84' title='bbox 1396 1085 1572 1131; x_wconf 79' lang='lat' dir='ltr'>referre</span> <span class='ocrx_word' id='word_1_85' title='bbox 1602 1081 1660 1129; x_wconf 88' lang='lat' dir='ltr'>ad</span> <span class='ocrx_word' id='word_1_86' title='bbox 1703 1134 1704 1160; x_wconf 26' lang='grc'>1</span> 
     </span>
     <span class='ocr_line' id='line_1_14' title="bbox 230 1161 1705 1231; baseline -0.005 -15"><span class='ocrx_word' id='word_1_87' title='bbox 230 1187 330 1216; x_wconf 89' lang='lat' dir='ltr'>rem</span> <span class='ocrx_word' id='word_1_88' title='bbox 367 1167 644 1214; x_wconf 81' lang='lat' dir='ltr'>familiarem</span> <span class='ocrx_word' id='word_1_89' title='bbox 679 1165 929 1231; x_wconf 64' lang='lat' dir='ltr'>&#39;pessimam</span> <span class='ocrx_word' id='word_1_90' title='bbox 965 1164 1239 1225; x_wconf 76' lang='lat' dir='ltr'>hominum3</span> <span class='ocrx_word' id='word_1_91' title='bbox 1286 1161 1417 1210; x_wconf 40' lang='lat' dir='ltr'>illud*</span> <span class='ocrx_word' id='word_1_92' title='bbox 1447 1163 1568 1210; x_wconf 84' lang='lat' dir='ltr'>effici</span> <span class='ocrx_word' id='word_1_93' title='bbox 1606 1180 1661 1209; x_wconf 84' lang='lat' dir='ltr'>ex</span> <span class='ocrx_word' id='word_1_94' title='bbox 1703 1172 1705 1176; x_wconf 59' lang='lat'><strong><em>⁴</em></strong></span> 
     </span>
     <span class='ocr_line' id='line_1_15' title="bbox 231 1242 1702 1315; baseline -0.005 -19"><span class='ocrx_word' id='word_1_95' title='bbox 231 1268 331 1315; x_wconf 83' lang='lat' dir='ltr'>cap.</span> <span class='ocrx_word' id='word_1_96' title='bbox 361 1251 436 1308; x_wconf 84' lang='lat'>25,</span> <span class='ocrx_word' id='word_1_97' title='bbox 467 1265 505 1294; x_wconf 91' lang='lat'>1.</span> <span class='ocrx_word' id='word_1_98' title='bbox 539 1274 601 1282; x_wconf 90' lang='lat'>--</span> <span class='ocrx_word' id='word_1_99' title='bbox 636 1249 715 1309; x_wconf 82' lang='lat'>49,</span> <span class='ocrx_word' id='word_1_100' title='bbox 741 1263 780 1291; x_wconf 86' lang='lat'>2.</span> <span class='ocrx_word' id='word_1_101' title='bbox 808 1273 866 1280; x_wconf 92' lang='grc'>--</span> <span class='ocrx_word' id='word_1_102' title='bbox 903 1247 1075 1308; x_wconf 82' lang='lat'><strong>91‚5.“</strong></span> <span class='ocrx_word' id='word_1_103' title='bbox 1107 1273 1175 1282; x_wconf 82' lang='lat'>—-</span> <span class='ocrx_word' id='word_1_104' title='bbox 1242 1242 1389 1299; x_wconf 86' lang='lat' dir='ltr'>Quod</span> <span class='ocrx_word' id='word_1_105' title='bbox 1425 1243 1660 1308; x_wconf 85' lang='lat' dir='ltr'>(quamvis</span> <span class='ocrx_word' id='word_1_106' title='bbox 1698 1254 1702 1258; x_wconf 78' lang='grc'>’</span> 
     </span>
     <span class='ocr_line' id='line_1_16' title="bbox 228 1324 1658 1390; baseline -0.005 -15"><span class='ocrx_word' id='word_1_107' title='bbox 228 1330 276 1376; x_wconf 90' lang='lat' dir='ltr'>in</span> <span class='ocrx_word' id='word_1_108' title='bbox 327 1327 491 1374; x_wconf 81' lang='lat' dir='ltr'>ceteris</span> <span class='ocrx_word' id='word_1_109' title='bbox 539 1345 564 1372; x_wconf 84' lang='lat' dir='ltr'>a</span> <span class='ocrx_word' id='word_1_110' title='bbox 608 1325 812 1372; x_wconf 80' lang='lat' dir='ltr'>Krausio</span> <span class='ocrx_word' id='word_1_111' title='bbox 858 1338 1022 1390; x_wconf 78' lang='lat' dir='ltr'>utpote</span> <span class='ocrx_word' id='word_1_112' title='bbox 1067 1324 1410 1371; x_wconf 83' lang='lat' dir='ltr'>Ruhnkenium</span> <span class='ocrx_word' id='word_1_113' title='bbox 1459 1335 1658 1388; x_wconf 84' lang='lat' dir='ltr'>sequuto</span> 
     </span>
     <span class='ocr_line' id='line_1_17' title="bbox 231 1402 1658 1470; baseline -0.004 -16"><span class='ocrx_word' id='word_1_114' title='bbox 231 1407 477 1464; x_wconf 78' lang='lat' dir='ltr'>recedens)</span> <span class='ocrx_word' id='word_1_115' title='bbox 508 1404 838 1470; x_wconf 78' lang='lat' dir='ltr'>accipiendum</span> <span class='ocrx_word' id='word_1_116' title='bbox 870 1403 1008 1451; x_wconf 85' lang='lat' dir='ltr'>duco.</span> <span class='ocrx_word' id='word_1_117' title='bbox 1079 1403 1201 1450; x_wconf 86' lang='lat' dir='ltr'>Mihi</span> <span class='ocrx_word' id='word_1_118' title='bbox 1223 1405 1350 1451; x_wconf 89' lang='lat' dir='ltr'>enim</span> <span class='ocrx_word' id='word_1_119' title='bbox 1373 1417 1417 1450; x_wconf 84' lang='lat' dir='ltr'>et</span> <span class='ocrx_word' id='word_1_120' title='bbox 1437 1403 1527 1468; x_wconf 90' lang='lat' dir='ltr'>ipsi</span> <span class='ocrx_word' id='word_1_121' title='bbox 1555 1402 1603 1450; x_wconf 87' lang='lat' dir='ltr'>h.</span> <span class='ocrx_word' id='word_1_122' title='bbox 1628 1403 1658 1448; x_wconf 88' lang='lat' dir='ltr'>l.</span> 
     </span>
     <span class='ocr_line' id='line_1_18' title="bbox 232 1471 1658 1548; baseline -0.004 -15"><span class='ocrx_word' id='word_1_123' title='bbox 232 1484 380 1533; x_wconf 88' lang='lat' dir='ltr'>Coelii</span> <span class='ocrx_word' id='word_1_124' title='bbox 429 1499 473 1531; x_wconf 85' lang='lat' dir='ltr'>et</span> <span class='ocrx_word' id='word_1_125' title='bbox 511 1497 763 1548; x_wconf 81' lang='lat' dir='ltr'>paupertas</span> <span class='ocrx_word' id='word_1_126' title='bbox 813 1497 858 1529; x_wconf 77' lang='lat' dir='ltr'>et</span> <span class='ocrx_word' id='word_1_127' title='bbox 904 1500 980 1529; x_wconf 87' lang='lat' dir='ltr'>aes</span> <span class='ocrx_word' id='word_1_128' title='bbox 1027 1483 1233 1529; x_wconf 87' lang='lat' dir='ltr'>alienum</span> <span class='ocrx_word' id='word_1_129' title='bbox 1284 1484 1411 1547; x_wconf 84' lang='lat' dir='ltr'>tangi</span> <span class='ocrx_word' id='word_1_130' title='bbox 1452 1471 1658 1542; x_wconf 76' lang='lat' dir='ltr'>videtur,</span> 
     </span>
     <span class='ocr_line' id='line_1_19' title="bbox 231 1560 1658 1629; baseline -0.004 -17"><span class='ocrx_word' id='word_1_131' title='bbox 231 1564 434 1629; x_wconf 86' lang='lat' dir='ltr'>dicique,</span> <span class='ocrx_word' id='word_1_132' title='bbox 470 1581 581 1610; x_wconf 89' lang='lat' dir='ltr'>eum</span> <span class='ocrx_word' id='word_1_133' title='bbox 613 1581 765 1627; x_wconf 87' lang='lat' dir='ltr'>quum</span> <span class='ocrx_word' id='word_1_134' title='bbox 797 1579 855 1608; x_wconf 86' lang='lat' dir='ltr'>ne</span> <span class='ocrx_word' id='word_1_135' title='bbox 885 1560 1093 1609; x_wconf 80' lang='lat' dir='ltr'>modicas</span> <span class='ocrx_word' id='word_1_136' title='bbox 1129 1562 1324 1627; x_wconf 85' lang='lat' dir='ltr'>quidem</span> <span class='ocrx_word' id='word_1_137' title='bbox 1355 1579 1470 1627; x_wconf 82' lang='lat' dir='ltr'>quas</span> <span class='ocrx_word' id='word_1_138' title='bbox 1504 1561 1658 1626; x_wconf 83' lang='lat' dir='ltr'>primo</span> 
     </span>
     <span class='ocr_line' id='line_1_20' title="bbox 232 1637 1659 1707; baseline -0.003 -16"><span class='ocrx_word' id='word_1_139' title='bbox 232 1643 447 1691; x_wconf 79' lang='lat' dir='ltr'>debuerit</span> <span class='ocrx_word' id='word_1_140' title='bbox 469 1637 686 1707; x_wconf 78' lang='lat' dir='ltr'>pecunias</span> <span class='ocrx_word' id='word_1_141' title='bbox 713 1642 893 1688; x_wconf 88' lang='lat' dir='ltr'>solvere</span> <span class='ocrx_word' id='word_1_142' title='bbox 919 1641 1165 1706; x_wconf 77' lang='lat' dir='ltr'>potuisset,</span> <span class='ocrx_word' id='word_1_143' title='bbox 1203 1640 1469 1689; x_wconf 75' lang='lat' dir='ltr'>divitiarum</span> <span class='ocrx_word' id='word_1_144' title='bbox 1501 1639 1659 1687; x_wconf 81' lang='lat' dir='ltr'>studio</span> 
     </span>
     <span class='ocr_line' id='line_1_21' title="bbox 229 1719 1708 1784; baseline -0.003 -13"><span class='ocrx_word' id='word_1_145' title='bbox 229 1725 503 1784; x_wconf 89' lang='lat' dir='ltr'>incensum,</span> <span class='ocrx_word' id='word_1_146' title='bbox 548 1723 731 1769; x_wconf 81' lang='lat' dir='ltr'>bellum</span> <span class='ocrx_word' id='word_1_147' title='bbox 761 1721 1005 1768; x_wconf 88' lang='lat' dir='ltr'>inchoasse</span> <span class='ocrx_word' id='word_1_148' title='bbox 1034 1719 1360 1768; x_wconf 79' lang='lat' dir='ltr'>domesticum.</span> <span class='ocrx_word' id='word_1_149' title='bbox 1438 1721 1660 1778; x_wconf 81' lang='lat' dir='ltr'>Scriben-</span> <span class='ocrx_word' id='word_1_150' title='bbox 1706 1741 1708 1766; x_wconf 71' lang='grc' dir='ltr'>ε</span> 
     </span>
    </p>
   </div>
   <div class='ocr_carea' id='block_1_6' title="bbox 232 1802 1715 1866">
    <p class='ocr_par' dir='ltr' id='par_1_6' title="bbox 232 1802 1715 1866">
     <span class='ocr_line' id='line_1_22' title="bbox 232 1802 1715 1866; baseline -0.005 -16"><span class='ocrx_word' id='word_1_151' title='bbox 232 1802 347 1850; x_wconf 88' lang='lat' dir='ltr'>dum</span> <span class='ocrx_word' id='word_1_152' title='bbox 382 1803 550 1866; x_wconf 78' lang='lat' dir='ltr'>igitur-z</span> <span class='ocrx_word' id='word_1_153' title='bbox 948 1829 951 1833; x_wconf 45' lang='lat' dir='ltr'><em>s</em></span> <span class='ocrx_word' id='word_1_154' title='bbox 1707 1828 1715 1862; x_wconf 29' lang='grc' dir='ltr'>ᾗ,</span> 
     </span>
    </p>
   </div>
   <div class='ocr_carea' id='block_1_7' title="bbox 227 1893 1715 2769">
    <p class='ocr_par' dir='ltr' id='par_1_7' title="bbox 230 1893 1711 2595">
     <span class='ocr_line' id='line_1_23' title="bbox 363 1893 1568 1957; baseline -0.002 -15"><span class='ocrx_word' id='word_1_155' title='bbox 363 1931 393 1957; x_wconf 88' lang='lat'>‚,</span> <span class='ocrx_word' id='word_1_156' title='bbox 413 1897 537 1942; x_wconf 75' lang='lat' dir='ltr'>Cam</span> <span class='ocrx_word' id='word_1_157' title='bbox 565 1912 626 1955; x_wconf 76' lang='lat' dir='ltr'>ne</span> <span class='ocrx_word' id='word_1_158' title='bbox 654 1894 853 1940; x_wconf 80' lang='lat' dir='ltr'>modica</span> <span class='ocrx_word' id='word_1_159' title='bbox 888 1893 1090 1956; x_wconf 78' lang='lat' dir='ltr'>quidem</span> <span class='ocrx_word' id='word_1_160' title='bbox 1122 1894 1316 1938; x_wconf 79' lang='lat' dir='ltr'>solvere</span> <span class='ocrx_word' id='word_1_161' title='bbox 1343 1895 1568 1954; x_wconf 70' lang='lat' dir='ltr'>posset.“</span> 
     </span>
     <span class='ocr_line' id='line_1_24' title="bbox 232 1971 1659 2026; baseline -0.005 -2"><span class='ocrx_word' id='word_1_162' title='bbox 232 1975 444 2025; x_wconf 83' lang='lat' dir='ltr'>Voculae</span> <span class='ocrx_word' id='word_1_163' title='bbox 480 1977 533 2020; x_wconf 81' lang='lat' dir='ltr'>in</span> <span class='ocrx_word' id='word_1_164' title='bbox 574 1992 599 2019; x_wconf 92' lang='lat' dir='ltr'>a</span> <span class='ocrx_word' id='word_1_165' title='bbox 640 1989 714 2019; x_wconf 89' lang='lat' dir='ltr'>me</span> <span class='ocrx_word' id='word_1_166' title='bbox 745 1973 895 2026; x_wconf 80' lang='lat' dir='ltr'>inne</span> <span class='ocrx_word' id='word_1_167' title='bbox 929 1972 1048 2018; x_wconf 76' lang='lat' dir='ltr'>facta</span> <span class='ocrx_word' id='word_1_168' title='bbox 1082 1972 1278 2019; x_wconf 84' lang='lat' dir='ltr'>mutatio</span> <span class='ocrx_word' id='word_1_169' title='bbox 1320 1972 1555 2018; x_wconf 85' lang='lat' dir='ltr'>neminem</span> <span class='ocrx_word' id='word_1_170' title='bbox 1590 1971 1659 2020; x_wconf 83' lang='lat' dir='ltr'>of-</span> 
     </span>
     <span class='ocr_line' id='line_1_25' title="bbox 232 2050 1656 2116; baseline -0.003 -14"><span class='ocrx_word' id='word_1_171' title='bbox 232 2055 417 2116; x_wconf 79' lang='lat' dir='ltr'>fendet3</span> <span class='ocrx_word' id='word_1_172' title='bbox 468 2071 619 2116; x_wconf 84' lang='lat' dir='ltr'>neque</span> <span class='ocrx_word' id='word_1_173' title='bbox 667 2071 709 2100; x_wconf 89' lang='lat' dir='ltr'>v.</span> <span class='ocrx_word' id='word_1_174' title='bbox 747 2054 940 2098; x_wconf 74' lang='lat' dir='ltr'>solvere</span> <span class='ocrx_word' id='word_1_175' title='bbox 988 2050 1243 2098; x_wconf 83' lang='lat' dir='ltr'>difficiliter</span> <span class='ocrx_word' id='word_1_176' title='bbox 1279 2069 1336 2099; x_wconf 84' lang='lat' dir='ltr'>ex</span> <span class='ocrx_word' id='word_1_177' title='bbox 1370 2053 1514 2100; x_wconf 87' lang='lat' dir='ltr'>verbo</span> <span class='ocrx_word' id='word_1_178' title='bbox 1555 2070 1656 2098; x_wconf 80' lang='lat' dir='ltr'>ser-</span> 
     </span>
     <span class='ocr_line' id='line_1_26' title="bbox 234 2130 1711 2196; baseline -0.001 -17"><span class='ocrx_word' id='word_1_179' title='bbox 234 2136 350 2180; x_wconf 77' lang='lat' dir='ltr'><em>vari</em></span> <span class='ocrx_word' id='word_1_180' title='bbox 392 2134 497 2181; x_wconf 85' lang='lat' dir='ltr'>elici</span> <span class='ocrx_word' id='word_1_181' title='bbox 536 2132 733 2196; x_wconf 73' lang='lat' dir='ltr'>poterit,</span> <span class='ocrx_word' id='word_1_182' title='bbox 776 2130 1047 2196; x_wconf 81' lang='lat' dir='ltr'>praesertim</span> <span class='ocrx_word' id='word_1_183' title='bbox 1085 2148 1235 2194; x_wconf 83' lang='lat' dir='ltr'>quum</span> <span class='ocrx_word' id='word_1_184' title='bbox 1277 2130 1325 2177; x_wconf 88' lang='lat' dir='ltr'>in</span> <span class='ocrx_word' id='word_1_185' title='bbox 1374 2147 1658 2178; x_wconf 83' lang='lat' dir='ltr'>monumen-</span> <span class='ocrx_word' id='word_1_186' title='bbox 1709 2130 1711 2141; x_wconf 67' lang='lat'><em>¹</em></span> 
     </span>
     <span class='ocr_line' id='line_1_27' title="bbox 233 2211 1651 2271; baseline -0.002 -12"><span class='ocrx_word' id='word_1_187' title='bbox 233 2214 290 2259; x_wconf 78' lang='lat' dir='ltr'>tis</span> <span class='ocrx_word' id='word_1_188' title='bbox 326 2213 471 2260; x_wconf 88' lang='lat' dir='ltr'>seculi</span> <span class='ocrx_word' id='word_1_189' title='bbox 511 2213 635 2260; x_wconf 91' lang='lat' dir='ltr'>XIV</span> <span class='ocrx_word' id='word_1_190' title='bbox 669 2225 714 2257; x_wconf 82' lang='lat' dir='ltr'>et</span> <span class='ocrx_word' id='word_1_191' title='bbox 747 2211 846 2258; x_wconf 88' lang='lat' dir='ltr'>XV</span> <span class='ocrx_word' id='word_1_192' title='bbox 887 2227 1061 2257; x_wconf 89' lang='lat' dir='ltr'>vocum</span> <span class='ocrx_word' id='word_1_193' title='bbox 1092 2220 1286 2271; x_wconf 74' lang='lat' dir='ltr'>servet,</span> <span class='ocrx_word' id='word_1_194' title='bbox 1322 2228 1553 2266; x_wconf 80' lang='lat' dir='ltr'>servare,</span> <span class='ocrx_word' id='word_1_195' title='bbox 1593 2211 1651 2258; x_wconf 87' lang='lat' dir='ltr'>al.</span> 
     </span>
     <span class='ocr_line' id='line_1_28' title="bbox 235 2288 1711 2354; baseline -0.002 -15"><span class='ocrx_word' id='word_1_196' title='bbox 235 2292 516 2354; x_wconf 82' lang='lat' dir='ltr'>compendia</span> <span class='ocrx_word' id='word_1_197' title='bbox 546 2304 719 2337; x_wconf 82' lang='lat' dir='ltr'>exstent</span> <span class='ocrx_word' id='word_1_198' title='bbox 752 2290 836 2350; x_wconf 57' lang='lat' dir='ltr'>su,</span> <span class='ocrx_word' id='word_1_199' title='bbox 875 2307 1036 2336; x_wconf 69' lang='lat' dir='ltr'>sucu-e.</span> <span class='ocrx_word' id='word_1_200' title='bbox 1109 2288 1252 2336; x_wconf 87' lang='lat' dir='ltr'>Cuius</span> <span class='ocrx_word' id='word_1_201' title='bbox 1284 2290 1514 2354; x_wconf 81' lang='lat' dir='ltr'>originem</span> <span class='ocrx_word' id='word_1_202' title='bbox 1543 2290 1656 2337; x_wconf 88' lang='lat' dir='ltr'>scri·</span> <span class='ocrx_word' id='word_1_203' title='bbox 1710 2319 1711 2322; x_wconf 65' lang='lat'><em>=</em></span> 
     </span>
     <span class='ocr_line' id='line_1_29' title="bbox 230 2369 1655 2437; baseline -0.002 -17"><span class='ocrx_word' id='word_1_204' title='bbox 230 2387 400 2437; x_wconf 80' lang='lat' dir='ltr'>pturae</span> <span class='ocrx_word' id='word_1_205' title='bbox 441 2391 494 2419; x_wconf 83' lang='lat' dir='ltr'>ex</span> <span class='ocrx_word' id='word_1_206' title='bbox 540 2372 650 2435; x_wconf 87' lang='lat' dir='ltr'>ipsis</span> <span class='ocrx_word' id='word_1_207' title='bbox 689 2370 1013 2434; x_wconf 74' lang='lat' dir='ltr'>diplomatices</span> <span class='ocrx_word' id='word_1_208' title='bbox 1059 2369 1227 2433; x_wconf 81' lang='lat' dir='ltr'>regulis</span> <span class='ocrx_word' id='word_1_209' title='bbox 1275 2370 1475 2434; x_wconf 83' lang='lat' dir='ltr'>explicat</span> <span class='ocrx_word' id='word_1_210' title='bbox 1514 2369 1655 2417; x_wconf 85' lang='lat' dir='ltr'>Man-</span> 
     </span>
     <span class='ocr_line' id='line_1_30' title="bbox 232 2448 1653 2515; baseline -0.002 -17"><span class='ocrx_word' id='word_1_211' title='bbox 232 2466 417 2512; x_wconf 85' lang='lat' dir='ltr'>nertus,</span> <span class='ocrx_word' id='word_1_212' title='bbox 464 2451 665 2511; x_wconf 82' lang='lat' dir='ltr'>docens,</span> <span class='ocrx_word' id='word_1_213' title='bbox 710 2450 912 2515; x_wconf 80' lang='lat' dir='ltr'>syllabae</span> <span class='ocrx_word' id='word_1_214' title='bbox 958 2467 1012 2495; x_wconf 80' lang='lat' dir='ltr'>er</span> <span class='ocrx_word' id='word_1_215' title='bbox 1057 2449 1293 2513; x_wconf 85' lang='lat' dir='ltr'>peculiare</span> <span class='ocrx_word' id='word_1_216' title='bbox 1328 2448 1516 2513; x_wconf 83' lang='lat' dir='ltr'>signum</span> <span class='ocrx_word' id='word_1_217' title='bbox 1557 2466 1653 2496; x_wconf 89' lang='lat' dir='ltr'>esse</span> 
     </span>
     <span class='ocr_line' id='line_1_31' title="bbox 230 2530 838 2595; baseline -0.005 -17"><span class='ocrx_word' id='word_1_218' title='bbox 230 2531 280 2579; x_wconf 89' lang='lat' dir='ltr'>in</span> <span class='ocrx_word' id='word_1_219' title='bbox 315 2530 586 2595; x_wconf 80' lang='lat' dir='ltr'>diplomatis</span> <span class='ocrx_word' id='word_1_220' title='bbox 621 2530 838 2594; x_wconf 79' lang='lat' dir='ltr'>antiquis.</span> 
     </span>
    </p>

    <p class='ocr_par' dir='ltr' id='par_1_8' title="bbox 227 2623 1715 2769">
     <span class='ocr_line' id='line_1_32' title="bbox 361 2623 1655 2687; baseline -0.004 -14"><span class='ocrx_word' id='word_1_221' title='bbox 361 2624 456 2673; x_wconf 86' lang='lat' dir='ltr'>Sed</span> <span class='ocrx_word' id='word_1_222' title='bbox 487 2624 699 2674; x_wconf 86' lang='lat' dir='ltr'>Velleius</span> <span class='ocrx_word' id='word_1_223' title='bbox 727 2623 798 2682; x_wconf 80' lang='lat' dir='ltr'>iis,</span> <span class='ocrx_word' id='word_1_224' title='bbox 833 2638 951 2687; x_wconf 88' lang='lat' dir='ltr'>quae</span> <span class='ocrx_word' id='word_1_225' title='bbox 979 2635 1258 2686; x_wconf 83' lang='lat' dir='ltr'>sequuntur:</span> <span class='ocrx_word' id='word_1_226' title='bbox 1297 2623 1481 2686; x_wconf 77' lang='lat' dir='ltr'>quippe</span> <span class='ocrx_word' id='word_1_227' title='bbox 1504 2623 1655 2684; x_wconf 79' lang='lat' dir='ltr'>peior</span> 
     </span>
     <span class='ocr_line' id='line_1_33' title="bbox 227 2695 1715 2769; baseline -0.001 -18"><span class='ocrx_word' id='word_1_228' title='bbox 227 2707 302 2752; x_wconf 85' lang='lat' dir='ltr'>illi</span> <span class='ocrx_word' id='word_1_229' title='bbox 347 2718 449 2751; x_wconf 56' lang='lat' dir='ltr'>ceth</span> <span class='ocrx_word' id='word_1_230' title='bbox 493 2717 682 2752; x_wconf 84' lang='lat' dir='ltr'>excusat</span> <span class='ocrx_word' id='word_1_231' title='bbox 720 2701 1077 2769; x_wconf 83' lang='lat' dir='ltr'>quodammodo</span> <span class='ocrx_word' id='word_1_232' title='bbox 1119 2700 1267 2750; x_wconf 85' lang='lat' dir='ltr'>Caelii</span> <span class='ocrx_word' id='word_1_233' title='bbox 1305 2718 1383 2751; x_wconf 77' lang='lat' dir='ltr'>aes</span> <span class='ocrx_word' id='word_1_234' title='bbox 1425 2701 1653 2750; x_wconf 86' lang='lat' dir='ltr'>alienum:</span> <span class='ocrx_word' id='word_1_235' title='bbox 1712 2695 1715 2706; x_wconf 75' lang='lat'>&#39;</span> 
     </span>
    </p>
   </div>
  </div>
 </body>
</html>
