1715 3117
173 238 258 274 vm

179 349 293 396 dicis
349 347 676 398 Murhaceusis
732 348 1078 414 apographum,
1147 347 1378 396 Bonifacii
1427 347 1594 398 Amer-

178 424 329 472 bachii
346 414 350 417 ⁵
366 442 505 472 manu
543 432 781 473 exaratum
801 425 867 489 *).

294 539 370 587 De
411 558 504 604 quo
554 539 760 588 Orellius
789 539 894 604 **):
957 538 1235 600 „Fuerunt,
1288 540 1463 605 inquit,
1514 544 1596 608 qui

178 647 209 675 „
223 615 489 676 crederent,
524 615 612 662 hoc
642 618 794 678 ipsum
831 614 1066 678 exemplar
1099 612 1451 664 traditum'esse
1486 635 1593 682 ope·

180 691 286 751 „ris
341 690 665 738 Frobenianis:
733 707 791 736 ex
857 708 949 753 quo
1005 689 1162 738 Editio
1218 692 1434 756 princeps
1487 693 1595 739 anni

178 766 428 826 „MDXX
480 768 837 830 exprimeretur,
910 764 1118 829 adeoque
1174 765 1262 813 hoc
1311 766 1428 828 illud
1476 785 1594 829 esse,

118 848 133 861 ⁴
177 841 349 905 „quod
395 841 649 888 Rhenanus
708 847 1012 904 properanter
1061 830 1200 905 atque
1249 842 1494 889 infeliciter
1535 843 1594 890 ab

176 917 364 976 „amico
416 916 615 980 quodam
676 915 960 979 descriptum
1012 917 1311 981 conqueritur
1371 918 1419 963 in
1449 917 1594 965 ‘dedi-

174 992 446 1051 „cationef‘
486 989 621 1056 (pag.
643 989 710 1056 5)
771 988 841 1038 At
862 998 1004 1055 negat
1037 999 1286 1056 utrumque
1320 992 1542 1041 Orellius.

287 1108 389 1156 Nos
429 1117 581 1156 autem
621 1117 675 1156 ut
711 1109 972 1174 exemplum
1008 1105 1434 1156 Amerbachianum
1466 1111 1593 1175 typis

178 1183 459 1248 descriptum
506 1202 600 1231 non
658 1201 760 1231 esse
809 1183 1129 1243 concedimus,
1185 1186 1250 1230 ita
1296 1184 1594 1231 dissentimus

177 1258 235 1305 ab
271 1276 323 1306 eo
361 1259 487 1323 quod
519 1259 844 1323 Orelliusr***)
881 1260 1062 1305 statuit:
1110 1259 1370 1322 exemplum
1393 1260 1508 1306 illud
1533 1261 1592 1308 ab

177 1336 322 1381 amico
356 1334 556 1398 quodam
590 1334 807 1381 Rhenani
843 1334 1123 1397 descriptum
1161 1334 1282 1380 idem
1320 1352 1420 1381 esse
1456 1343 1595 1400 atque

175 1408 290 1454 illud
325 1410 449 1473 quod
477 1410 732 1476 typothetis
764 1409 983 1456 traditum
1017 1409 1086 1455 sit.
1163 1409 1390 1462 Nosenim
1430 1437 1504 1444 —-
1541 1419 1594 1458 ut

176 1484 300 1547 quod
350 1485 483 1532 nohis
534 1485 943 1533 demonstrandum
998 1486 1278 1547 sumpsimus
1327 1486 1480 1532 statim
1531 1486 1589 1533 ab

175 1560 304 1605 initio
347 1578 572 1624 ponamus
611 1588 687 1596 —
734 1560 1080 1620 contendimus,
1121 1559 1325 1606 codicem
1362 1557 1592 1609 Amerha-

175 1633 386 1682 chianum
423 1654 522 1684 esse
563 1636 797 1700 exemplar
824 1635 942 1682 illud
971 1634 1028 1698 ab
1061 1636 1207 1681 amico
1240 1635 1440 1700 quodam
1465 1637 1592 1685 Rhe-

173 1712 283 1756 nani
321 1721 624 1775 properanter
664 1720 802 1776 atque
835 1711 1082 1758 infeliciter
1118 1710 1414 1774 descriptum,
1451 1713 1592 1777 idque

178 1784 410 1833 diversum
454 1806 555 1835 esse
591 1786 649 1834 ab
688 1804 743 1834 eo
775 1786 985 1850 exemplo
1015 1786 1139 1849 quod
1169 1793 1220 1832 ut
1251 1787 1374 1850 typis
1421 1789 1591 1835 exscri-

175 1858 365 1908 beretur
401 1864 461 1924 in,
493 1863 726 1910 officinam
764 1861 986 1909 Frobenii
1024 1863 1216 1907 missum
1254 1869 1335 1907 est.

288 1974 477 2041 Accipe,
503 1996 621 2044 quae
659 1979 708 2024 in
747 1977 1056 2038 dedicatione,
1099 1977 1289 2024 editioni
1325 1977 1590 2025 Velleianae

176 2055 426 2116 praemissa
485 2062 530 2100 et
583 2061 714 2100 sexto
764 2053 834 2099 Id.
883 2054 998 2100 Dec.
1052 2070 1171 2099 anno
1222 2052 1427 2100 MDXX
1485 2071 1592 2101 con-

269 2224 300 2277 ')
342 2229 478 2264 Orc-llio
506 2235 652 2266 auctore
679 2233 774 2267 hanc
797 2234 910 2268 habet
940 2232 1258 2277 subscriptionem:

669 2292 796 2325 Tertio
826 2291 905 2324 Eid.
938 2291 1029 2336 Aug.
1056 2296 1213 2331 MDXVI

700 2346 880 2380 Basileiae
913 2345 953 2377 In
984 2346 1075 2379 edib.
1108 2346 1180 2380 suis

780 2401 844 2434 Bo.
870 2401 1095 2434 Amerbacch

581 2450 736 2502 Θεσμὸυ
764 2449 859 2505 ἰέρως
888 2451 955 2492 οὐκ
986 2449 1064 2492 οἶδε
1089 2450 1291 2504 fimf-trizen,-

689 2575 707 2588 ,
927 2507 966 2572 v¹²

252 2595 303 2641 ⁹⁸)
341 2599 420 2633 vid.
453 2600 507 2632 cd.
534 2599 647 2634 Ort-li.
675 2613 707 2645 p.
725 2602 818 2635 VIII.

232 2678 301 2725 ··*)
340 2682 415 2715 vid.
449 2682 577 2715 Orellii
612 2683 671 2717 cd..
693 2683 827 2728 pagiua
849 2684 933 2718 VIII
965 2688 1002 2718 et
1028 2685 1097 2724 lx,
1137 2688 1173 2719 et
1206 2686 1327 2719 confer
1355 2684 1603 2735 Krausiananr

339 2749 369 2779 p.
395 2738 453 2773 52.
