1715 3117
202 196 265 243 42

348 326 514 371 Divus
548 323 808 386 Augustas
841 330 1048 384 praeter
1084 321 1370 382 Hispanias
1405 321 1633 382 aliasque

342 413 542 468 gentes,
585 421 798 472 quarum
834 403 992 456 titulis
1026 402 1131 453 eius
1154 398 1326 471 forum
1351 402 1627 463 praenitet,

341 493 726 546 perd-emitas
767 501 971 545 paene
1019 487 1157 528 VII
1191 484 1351 543 facta
1399 482 1634 544 Aegypto

348 568 686 629 stipendiaria
729 575 970 628 quantam
1003 574 1160 627 pater
1201 565 1306 609 eius
1348 579 1408 608 ex
1453 563 1636 608 Galliis

349 647 402 693 in
434 649 693 693 aerariam
721 648 914 692 reditas
953 646 1208 692 contulit.“

204 740 352 789 Haud
410 741 528 788 nihil
581 732 843 806 ambigam,
903 753 1067 786 utrum
1114 737 1419 786 scribendum
1469 736 1526 783 sit
1579 754 1639 782 ex

211 823 394 869 Galliis
429 817 615 887 ⁸(quod
665 836 781 887 puto
834 821 942 886 quia
993 819 1123 884 apud
1170 816 1410 866 Velleium‘
1465 814 1641 882 plurali
1707 878 1710 886 ἱ

206 919 391 966 semper
424 919 621 948 numero
646 901 826 947 Galliae
853 900 1199 961 nominantur),
1238 917 1312 959 an,
1344 898 1475 963 quod
1497 899 1639 962 vulgo
1709 897 1712 905 ’

205 982 400 1046 legitur,
452 981 638 1027 Gallia.
716 979 918 1045 Reliqua
963 993 1120 1025 autem
1166 995 1285 1043 quae
1325 977 1501 1042 protuli
1540 995 1639 1042 quo

206 1061 466 1109 accuratius
509 1059 759 1129 perpendo
810 1077 865 1106 eo
911 1059 1058 1122 inagis
1096 1088 1162 1095 -—-
1217 1057 1268 1104 id
1312 1057 1443 1123 quod
1484 1071 1640 1123 aperte

208 1143 443 1189 confiteor
487 1171 551 1178 --
596 1139 713 1187 mihi
755 1141 940 1204 placent
978 1137 1292 1202 arridentque.
1382 1138 1453 1184 Ita
1511 1137 1642 1184 enim

208 1222 385 1287 optime
409 1221 623 1285 Augusto
659 1220 877 1282 adulatur
900 1219 1133 1280 Velleius;
1168 1218 1330 1265 multis
1363 1218 1490 1264 enim
1517 1219 1642 1265 mul-
1690 1269 1695 1272 μ

208 1316 368 1349 torum
406 1300 773 1348 clarissimorum
804 1299 979 1345 ducum
1013 1298 1219 1346 victoriis
1249 1299 1508 1345 numeratis
1532 1297 1642 1344 Gal-

209 1382 380 1429 liarum
417 1381 754 1428 debellatarum
789 1379 1029 1426 mentione
1063 1378 1256 1441 iniecta,
1293 1378 1414 1425 adde
1452 1377 1501 1424 C.
1529 1377 1644 1425 Cae-

209 1462 323 1508 saris
350 1462 696 1526 fulgentissimo
720 1460 769 1506 in
799 1459 872 1507 his
900 1473 1158 1524 conspecto
1189 1477 1332 1523 opere
1360 1457 1645 1505 collaudato:

211 1543 476 1610 aptissime,
516 1542 709 1607 opinor,
751 1540 967 1599 additur,
1014 1539 1193 1586 Divum
1231 1540 1505 1603 Augustum
1546 1557 1642 1586 non

211 1625 369 1672 solum
405 1636 449 1669 et
480 1622 636 1686 ipsum
670 1620 900 1684 plurimas
937 1632 1094 1683 gentes
1120 1618 1367 1678 devicisse,
1397 1618 1481 1666 sed
1508 1619 1646 1666 etiam

213 1704 382 1769 septies
421 1702 616 1750 eandem
657 1719 797 1766 quam
831 1714 1014 1765 patrem
1052 1700 1279 1765 pecuniae
1319 1718 1556 1747 summam
1592 1719 1646 1747 ex

213 1785 309 1832 sola
338 1783 560 1849 Aegypto
595 1782 643 1828 in
682 1781 914 1828 aerarium
949 1780 1242 1848 contulisse.x

347 1887 420 1933 De
463 1885 682 1931 latinitate
723 1884 848 1932 vocis
892 1885 1025 1929 idem
1084 1902 1195 1930 cum
1244 1893 1486 1947 quantam
1534 1902 1647 1931 con-

214 1966 399 2014 iunctae
435 1965 516 2031 qui
547 1984 656 2012 cum
679 1964 884 2011 Krausio
917 1963 1136 2009 dubitent
1174 1963 1424 2024 accedent,
1461 1964 1646 2030 opinor,

216 2046 336 2094 mihi
365 2064 420 2093 ex
454 2063 570 2093 voce
607 2046 689 2091 illa
725 2047 857 2091 idem
887 2058 1018 2091 notas
1049 2044 1312 2091 numerales
1333 2045 1430 2092 VII
1463 2044 1647 2092 elicien-

215 2140 322 2174 tem.
400 2125 602 2173 Accedit
635 2139 684 2171 ut
713 2143 755 2173 v.
786 2125 916 2172 idem
950 2142 1036 2190 per
1067 2125 1256 2189 signum
1291 2125 1649 2191 diplomaticum
1688 2118 1691 2119 ⁷

218 2207 361 2256 scribi
398 2206 563 2268 soleat„

325 2308 471 2364 Quod
499 2323 656 2367 autem
689 2308 863 2355 attinet·
889 2307 948 2354 ad
983 2308 1285 2373 participium
1313 2310 1650 2371 perdomitas,

185 2388 467 2437 incidimus
526 2389 573 2435 in
625 2388 749 2436 illud
806 2402 1001 2453 propter
1047 2388 1333 2436 vicinitatem
1394 2390 1651 2437 verborum

211 2470 475 2530 praenites
505 2482 549 2514 et
581 2485 732 2532 paene
765 2467 895 2515 idem
937 2485 970 2514 s.
1015 2467 1173 2532 potius
1203 2486 1368 2530 paene
1396 2471 1514 2529 VII,
1547 2469 1651 2534 qui-

218 2549 306 2595 bus
352 2547 504 2596 verbis
550 2548 588 2593 si
630 2548 881 2594 intenseras
927 2546 1046 2593 illud
1084 2551 1432 2611 perdomitas,
1489 2548 1652 2597 nanci-

221 2626 362 2683 sceris
399 2640 494 2674 tres
531 2644 669 2676 voces
702 2627 823 2675 inter
857 2644 905 2674 se
948 2627 1077 2677 haud
1113 2627 1370 2677 dissimiles.
