1715 3117
180 221 271 268 122

307 344 463 400 Quam
505 360 602 391 rem
647 357 818 391 certam
850 344 987 407 plane
1034 357 1079 390 et
1123 343 1404 406 exploratam
1446 338 1600 389 reddit

178 424 352 473 codicis
381 422 743 470 Amerbachiaui
767 422 1039 482 auctoritas,
1070 418 1145 468 illa
1181 421 1337 468 omnia
1373 439 1428 468 eo
1460 436 1599 483 quem

178 523 264 553 nos
301 503 543 569 posuimus
571 501 738 550 ordine
772 500 1044 548 exhibentis.
1139 496 1146 502 ’

308 597 441 654 Quae
479 607 639 644 autem
680 613 705 641 a
740 594 876 641 uobis
911 594 1045 641 allata
1079 607 1186 641 suut
1215 604 1485 658 argumenta
1521 590 1601 638 de-

176 691 464 738 monstrant,
515 692 767 741 operarum
817 674 1011 740 quidem
1055 702 1114 710 —
1159 673 1210 720 id
1254 672 1384 736 quod
1432 670 1598 719 Orellii

178 774 335 806 caussa
361 755 562 803 dixerim
587 782 652 794 --
683 771 893 802 errorem
926 753 973 801 h.
1005 754 1037 803 l.
1078 751 1341 800 notandum
1379 753 1453 801 vix
1487 766 1600 800 esse.

597 1058 928 1118 ‘mmm'
973 1059 1169 1118 801.

551 1167 638 1203 Vell.
654 1167 705 1212 II,
731 1165 809 1201 120.
827 1165 859 1200 2.
883 1178 918 1213 p.
938 1164 1006 1201 137
1029 1166 1082 1202 ed.
1095 1166 1210 1202 Orell.

282 1270 451 1320 „Arma
477 1270 689 1320 interfecti
713 1281 817 1323 quae
841 1270 1025 1322 arquis-se
1047 1275 1174 1322 pater
1196 1275 1239 1308 et
1259 1269 1404 1320 patria
1422 1266 1614 1321 pontem<

176 1344 340 1383 erant.“
395 1344 461 1378 Ed.
491 1354 543 1388 pr.
572 1355 606 1387 p.
626 1341 692 1378 63.

179 1504 314 1575 Non
352 1524 521 1574 invidit
551 1524 688 1572 nobis
721 1524 931 1571 Fortuna
967 1524 1244 1589 aenigmatis,
1274 1537 1327 1570 ut
1359 1525 1421 1571 ita
1455 1524 1606 1572 dicam

176 1607 371 1654 huiusce
425 1604 732 1665 solut1011em3
784 1620 937 1668 neque
989 1604 1117 1650 enim
1167 1603 1435 1652 dubitamus
1489 1604 1605 1670 quin

176 1685 351 1735 Velleii
385 1702 577 1731 manum
607 1681 839 1753 asselquuti
872 1682 1014 1729 simus
1045 1681 1119 1729 his
1150 1683 1322 1731 verbis:

322 1778 546 1836 „Armis
587 1778 877 1839 interfecti,
925 1795 1078 1838 quos
1118 1779 1338 1824 arcuisse
1366 1786 1525 1840 pater
1560 1786 1610 1824 et

318 1860 496 1922 patria
533 1860 750 1906 contenti
783 1864 986 1904 erant,“

180 1955 306 2002 Dicit
346 1953 473 2001 enim
497 1987 510 2013 ‚
560 1951 599 1998 si
637 1949 753 2016 quid
800 1949 966 2011 video,
1013 1950 1249 2012 Velleius,
1296 1949 1474 1998 occisos
1512 1963 1610 1996 esse

181 2048 227 2084 et
274 2048 464 2083 necatos
504 2049 583 2080 eos
623 2032 806 2089 hostes,
859 2049 1064 2095 quorum
1109 2023 1224 2079 adeo
1269 2041 1405 2078 antea
1444 2042 1611 2094 poten·

178 2117 292 2164 tiam
320 2108 571 2162 timuerant
597 2125 642 2160 et
664 2112 906 2177 Augustus
937 2123 982 2159 et
1012 2112 1186 2178 patria,
1225 2125 1280 2159 ut
1309 2111 1415 2158 satis
1443 2124 1609 2174 super·

182 2213 272 2262 que
309 2193 588 2254 habuerint,
633 2191 899 2240 dummodo
937 2177 1014 2238 eds
1050 2193 1104 2239 ab
1140 2190 1252 2255 ipsis
1285 2190 1491 2238 Romani
1527 2190 1611 2252 im-

181 2275 301 2342 perii
339 2275 514 2322 finibus
565 2275 819 2321 arcuerim.
911 2272 1084 2320 Forma
1115 2272 1293 2331 „literae
1341 2290 1375 2318 a
1425 2269 1611 2335 duplici

181 2357 343 2404 literae
396 2373 422 2402 c
468 2352 719 2402 consimilis
771 2365 817 2400 et
867 2352 965 2418 ipsa
1025 2353 1246 2401 nonnihil
1295 2349 1613 2400 emendationi

184 2454 329 2502 quam
376 2434 536 2483 inveni
580 2449 710 2481 meae
754 2433 907 2480 favere
940 2432 1138 2482 videtur.
1222 2431 1446 2480 Ceterum
1478 2447 1612 2477 voca-

184 2513 288 2563 buli
318 2514 478 2560 armis
512 2512 642 2560 verbi
675 2512 936 2572 interfecti
962 2511 1058 2560 vim
1092 2511 1138 2561 h.
1168 2511 1200 2560 l.
1230 2509 1446 2577 adauget.
