1715 3117
1430 215 1483 260 71

17 384 18 391 ἵ
70 345 166 376 non
204 341 299 375 tam
331 345 413 375 sua
455 329 601 394 ipsius
643 330 907 387 voluntate,
946 350 1087 396 quam
1117 337 1377 385 necessitate
1408 354 1484 385 co-

17 397 18 409 *
69 420 195 454 actus
236 407 367 455 novis
414 410 551 456 rebus
594 408 824 457 studuisse
871 410 1035 457 dicitur
1083 413 1282 464 Caelius.
1374 415 1484 463 Erat

14 485 16 526 ἱ
70 486 199 537 euim
250 486 448 535 Curioni
485 489 774 551 simillimus,
824 508 966 556 quern
1008 504 1052 538 et
1084 491 1235 556 ipsum
1280 495 1483 560 qumvis

66 565 434 630 ingeniosissime
475 586 677 635 nequam
713 570 837 618 dicat
871 571 1101 630 Velleius,
1146 586 1296 620 tamen
1331 573 1483 622 homi-

70 662 180 695 uem
220 646 355 711 plane
392 647 630 712 perditum
667 668 760 697 non
799 650 976 698 habuit.

445 928 774 991 CAPUT
815 930 1113 993 xnvn.

494 1053 638 1097 Veu.11‚
655 1052 712 1086 68.
726 1053 761 1086 2.
785 1051 875 1099 p.89
894 1054 947 1089 ed.
960 1053 1067 1089 Orell.

177 1153 460 1208 „Nequiitque
506 1160 670 1194 senatus
708 1156 751 1205 ᾇ·
795 1157 1042 1194 auctoritate
1090 1154 1198 1196 Coss.
1239 1156 1487 1198 detmen'.“

71 1228 136 1262 Ed.
163 1238 216 1271 pr.
247 1238 280 1271 p.
302 1226 365 1264 41.

72 1383 241 1473 Lipsii
275 1408 397 1455 iussu
438 1408 486 1454 iu
515 1408 710 1472 vulgatis
745 1408 938 1471 legitur:
976 1411 1259 1472 nequiitqae
1285 1421 1482 1460 senatus

71 1484 114 1548 ἃ·
159 1490 461 1534 auctoritate
500 1490 635 1534 Cos.:
699 1488 1001 1552 ,‚frequeuti,
1052 1489 1113 1535 ait
1161 1489 1482 1551 Ruhnkenius,

72 1584 242 1615 vocum
276 1567 600 1614 traiectione.“
669 1566 801 1623 Quae
835 1567 949 1613 sitne
993 1568 1212 1632 frequens
1247 1585 1394 1615 necne
1432 1569 1481 1616 in

71 1645 227 1693 medio
251 1647 591 1712 relinquemus3
630 1645 794 1693 durior
822 1660 945 1693 certe
969 1660 1036 1692 est
1059 1659 1124 1706 et,
1159 1664 1261 1693 mea
1295 1647 1483 1710 quidem

72 1727 315 1786 sententia,
360 1727 737 1773 coniecturarum
775 1742 866 1790 ope
902 1726 949 1772 in
995 1739 1169 1772 textum
1205 1743 1300 1773 non
1336 1727 1482 1774 intro-

73 1804 300 1853 ducenda.
389 1804 730 1869 Contempleris
769 1822 887 1869 quae
926 1805 1060 1851 allata
1097 1819 1205 1852 sunt
1239 1807 1476 1870 exempla:

72 1884 119 1931 in
141 1885 359 1932 omnibus
384 1899 509 1932 certa
543 1883 770 1950 quaedam
793 1902 928 1932 causa
957 1884 1080 1930 illius
1115 1885 1365 1932 verborum
1391 1899 1483 1933 tra·

71 1962 279 2010 iectionis
321 1964 567 2028 reperitur,
655 1963 981 2010 Examinemus
1023 1980 1141 2027 quae
1181 1963 1485 2012 Ruhnkenius

74 2043 186 2091 citat
211 2041 329 2089 haec
353 2043 590 2090 Suetonii:
635 2042 995 2107 „Triumphalia
1030 2055 1316 2102 ornamenta,
1345 2042 1483 2089 etiam

74 2122 358 2188 quaestoriae
388 2121 621 2187 diguitatis
656 2135 700 2169 et
735 2122 973 2169 nonnullis
1003 2138 1056 2168 ex
1087 2120 1288 2186 equestri
1318 2120 1482 2168 ordine

73 2201 278 2249 tribuit.“
346 2201 480 2258 Quae
520 2219 678 2248 nonne
718 2201 938 2248 facillime
975 2200 1040 2247 sie
1083 2199 1312 2263 explicare
1351 2200 1482 2247 licet:

74 2283 184 2343 „Et
217 2280 519 2347 triumphalia
545 2289 593 2326 et
628 2281 913 2346 quaestoriae
953 2279 1182 2343 dignitatis
1216 2292 1484 2327 ornamenta

75 2361 230 2414 etiam
259 2359 501 2407 nonnullis
537 2376 590 2406 ex
628 2359 831 2424 equestri
861 2357 1026 2406 ordine
1055 2356 1289 2405 tribuit?“

206 2450 371 2508 Quum
397 2451 538 2515 igitur
569 2451 826 2498 traiectioni
861 2450 933 2498 vix
966 2451 1098 2498 locus
1131 2449 1209 2510 sit,
1247 2467 1485 2515 quumque

74 2530 303 2595 pluralem
341 2530 466 2578 vocis
513 2531 643 2577 Coss.
682 2531 766 2594 (Ξ
802 2530 1063 2592 consulum)
1111 2547 1363 2577 numerum
1415 2528 1484 2575 hi-

40 2642 43 2645 -
75 2608 214 2656 storia
254 2609 352 2674 ipsa
393 2608 678 2656 condemnet
713 2610 861 2669 (solus
896 2607 1020 2656 enim
1064 2608 1287 2656 Servilius
1324 2606 1483 2654 adver·

76 2687 261 2733 sabatur
289 2687 466 2752 Caelio)
491 2687 750 2736 assentieris
780 2687 971 2735 fortasse
1006 2685 1123 2734 mihi
1151 2686 1211 2733 ita
1244 2683 1482 2733 scribenti:
