1715 3117
1382 233 1495 268 xxm

81 338 352 389 Aristotelis
411 348 456 387 et
506 336 836 386 Demosthenis
897 338 1118 388 editiones
1172 359 1255 406 pro
1300 344 1497 409 singulis

82 424 260 465 tantum
294 414 466 462 habere
506 432 563 463 ex
602 415 886 479 argumentis
929 415 1077 463 allatis
1116 417 1285 468 licebit.

195 507 296 553 Iam
336 504 531 553 candido
561 503 726 551 lectori
764 504 1061 567 valedicturi,
1102 506 1158 554 de
1191 507 1333 555 libelli
1365 508 1499 559 huius

81 583 229 631 nostri
258 580 512 628 rationibus
537 598 684 643 pauca
704 580 837 627 nobis
871 581 1080 629 addenda
1114 600 1213 629 csse
1245 587 1497 648 opinamur.

80 660 138 708 In
157 658 337 707 Velleio
371 674 471 703 meo
498 656 649 703 denuo
683 656 967 722 perlegendo
992 659 1277 706 coniecturas
1312 660 1385 707 hic
1408 662 1500 710 illie

80 735 257 800 legenti
294 732 481 780 obortas
521 733 568 778 in
604 732 866 780 adversaria
902 751 1003 780 mea
1045 736 1353 798 conieceram3
1392 755 1501 800 quo-

82 829 186 858 rum
235 826 457 856 numerus
497 827 640 874 quum
678 808 790 855 mihi
832 810 1126 871 postmodum
1174 812 1283 857 satis
1326 813 1503 875 amplus

83 903 184 934 esse
232 884 492 944 videretur,
544 902 637 932 non
684 884 902 949 indignas
944 886 1047 933 illas
1098 885 1237 933 habui
1290 905 1405 951 quas
1457 892 1504 935 in

80 961 303 1026 peculiari
343 960 545 1025 quodam
580 960 740 1008 libello
785 963 1053 1008 coniunctas
1092 962 1197 1011 VV.
1225 963 1399 1009 DD¹¹¹¹¹¹
1436 966 1503 1010 iu-

84 1037 204 1085 dicio
253 1036 588 1084 submitterem.
704 1036 836 1097 Quas
880 1038 1057 1084 calamo
1107 1045 1317 1085 exaratas
1361 1058 1504 1105 quum

81 1114 173 1160 iam
214 1111 481 1177 typothetae
518 1111 842 1171 tradidissem,
894 1131 1027 1173 ecce,
1067 1111 1236 1160 Orellii
1275 1113 1350 1164 Ill.
1391 1115 1503 1164 Vel·

84 1189 202 1236 leius
236 1188 296 1234 ad
334 1204 406 1233 me
438 1188 660 1251 pervenit.
748 1187 895 1234 Cuius
935 1190 973 1235 si
1012 1191 1060 1234 in
1102 1191 1203 1252 ipso
1243 1206 1381 1251 opere
1411 1207 1505 1238 non

85 1281 187 1312 eam
208 1280 392 1326 semper
420 1280 560 1327 quam
585 1261 850 1308 merebatur
870 1264 1094 1311 rationem
1117 1263 1378 1326 habuimus,
1401 1284 1506 1313 con-

66 1330 280 1385 donabis
322 1337 410 1384 hoc
460 1337 570 1383 mihi
618 1339 845 1402 angustiis
893 1341 1113 1404 temporis
1154 1340 1288 1388 valde
1328 1359 1505 1407 presso,

83 1411 582 1461 Animadversionibus
625 1431 740 1480 quas
779 1416 827 1461 in
877 1414 1044 1463 Orellii
1094 1416 1340 1465 editionem
1396 1419 1507 1465 scri-

83 1497 189 1555 ptas
235 1489 394 1537 libello
452 1507 556 1537 meo
613 1491 813 1539 annexui
875 1500 1098 1556 quantum
1170 1492 1271 1540 fieri
1327 1502 1507 1558 poterat

85 1567 258 1613 omissa
324 1565 633 1632 neglectaque
699 1585 996 1630 compensare
1052 1567 1222 1616 studui.
1341 1570 1508 1633 Neque

85 1641 255 1702 fidem,
310 1644 500 1707 opinor,
550 1661 700 1690 meam
740 1643 1060 1705 addubitabis‚
1119 1662 1261 1708 quum
1311 1645 1382 1691 bis
1434 1662 1507 1692 ca-

89 1716 195 1765 dem
246 1736 364 1784 quas
417 1720 495 1765 alii
535 1718 642 1769 VV.
678 1720 791 1770 DD.
837 1721 927 1768 iam
983 1729 1115 1768 antea
1176 1720 1258 1767 sed
1313 1739 1385 1768 me
1439 1722 1507 1768 in·

85 1793 180 1841 scio
236 1803 575 1859 proposuerant
625 1796 916 1844 coniecturas
981 1799 1029 1843 in
1087 1796 1287 1843 medium
1350 1805 1505 1860 protu-

84 1869 231 1917 lerim.

198 1958 431 2006 Tabulam
479 1967 634 2007 autem
680 1959 1069 2026 lithographicam
1117 1960 1219 2007 ideo
1261 1959 1381 2006 libro
1432 1959 1507 2006 ad-

86 2035 344 2094 iunximus,
383 2035 509 2099 quod
548 2054 693 2100 quum
731 2045 890 2084 nostra
926 2038 1123 2083 maxime
1162 2037 1418 2094 interesset,
1459 2043 1510 2082 ut

85 2109 316 2157 lectorum
350 2110 436 2156 sub
469 2111 630 2158 oeulos
671 2112 1010 2160 subiicerentur
1035 2114 1168 2177 signa
1199 2111 1510 2176 diplomatica,

88 2203 210 2251 quae
248 2204 276 2232 a
313 2185 502 2233 librario
538 2187 699 2237 Murh.
741 2206 985 2254 perperam
1028 2188 1147 2235 lecta
1186 2196 1230 2235 et
1270 2187 1509 2249 deturpata

86 2269 386 2326 putaremuS‚
433 2263 608 2309 maiora
649 2263 818 2328 quihus
867 2267 940 2311 usi
979 2282 1139 2311 sumus
1182 2281 1322 2328 opera
1363 2260 1507 2324 diplo-

87 2339 252 2384 matica
301 2355 396 2384 non
446 2338 662 2386 omnibus
711 2340 820 2390 VV.
854 2341 967 2390 DI).
994 2348 1202 2404 'praesto
1250 2355 1351 2386 esse
1391 2336 1508 2383 arbi-

87 2411 339 2460 trahamur.

193 2502 405 2550 Indicem
450 2504 743 2568 singulorum
795 2522 822 2551 a
870 2503 1004 2552 nobis
1049 2512 1348 2552 tractatorum
1390 2502 1508 2548 loco-

88 2594 191 2624 rum
246 2578 553 2639 suhiccimus‚
604 2589 655 2628 ut
706 2597 799 2627 uno
851 2579 938 2627 sub
979 2580 1160 2628 obtuitu
1202 2578 1509 2641 conspiceres,

89 2653 277 2717 quinam
343 2656 584 2718 scriptoris
623 2655 736 2727 x‚loci
803 2654 938 2705 nobis
998 2674 1135 2705 manu
1205 2652 1510 2703 emendatricc

93 2744 231 2791 cgere
270 2729 551 2780 viderentur.
