1715 3117
1394 234 1482 280 119

195 344 378 393 Orellio
409 359 520 393 teste
570 347 616 393 in
661 346 764 396 cod.
802 348 995 395 Amerb.
1032 352 1201 414 legitur
1237 359 1476 416 „egr-edic·

64 421 164 470 sine
204 423 399 484 lineola,
441 427 758 517 supeoeci'ipto
796 430 833 475 d
866 428 1043 476 litterae
1083 435 1161 493 g“
1212 431 1369 493 hune,
1429 437 1477 483 ni

62 501 226 564 fallor,
263 503 311 552 in
346 503 566 553 modum:
604 490 817 570 egredie.
886 506 1069 567 Quodsi
1102 523 1377 571 statuamus,
1423 514 1477 562 li-

63 582 267 643 molam,
299 583 459 631 literae
478 603 504 630 e
526 584 582 641 ei,
621 585 790 649 quod
777 605 826 634 m
858 586 940 636 Ed.
965 607 1035 652 pr.
1059 601 1140 648 est,
1177 591 1375 651 egredie
1403 611 1476 640 su-

57 663 384 729 perscriptam,
416 654 645 726 οίβλεῷίᾳ
664 667 881 715 omissam
911 684 1008 714 esse
1045 668 1102 715 ab
1118 668 1474 733 Amerbacchio,

60 741 240 789 literam
276 760 386 791 vero
422 747 459 791 d
489 744 579 792 alio
621 759 758 810 atque
793 744 852 792 ad
887 763 1029 812 quem
1063 747 1336 812 pertinuerit
1370 751 1476 798 loco

61 823 259 886 positam
295 840 390 870 esse
419 842 443 870 a
482 823 630 871 scriba
661 824 962 873 Murbacensi
994 827 1306 875 nanciscimur
1343 829 1476 877 haec:

59 887 284 964 egr-ede?
308 909 365 955 ὲ
391 905 693 965 egrediendi.
764 905 864 952 Sub
892 907 1037 953 verbo
1073 916 1163 952 aut
1194 907 1333 955 latere
1367 926 1477 956 con-

56 980 263 1030 iicimus:
307 1002 333 1028 e
365 986 524 1045 vallo3
568 983 731 1031 deletis
771 984 994 1032 nimirum
1023 985 1167 1033 literis
1206 1005 1232 1032 e
1270 1004 1302 1033 v
1336 1001 1380 1035 et
1411 991 1476 1049 lo,

7 1110 13 1126 x
59 1079 180 1128 quae
213 1061 480 1110 restiterunt
513 1065 566 1110 al
597 1081 706 1110 cum
742 1077 852 1111 nota
894 1074 950 1110 at
982 1064 1075 1128 (z
1109 1067 1224 1129 aut)
1262 1067 1477 1113 confusae

56 1142 218 1190 literae
253 1141 373 1190 duae
409 1159 506 1190 esse
537 1155 747 1208 possunt.
830 1143 1039 1192 Fortasse
1085 1158 1131 1192 et
1172 1147 1262 1191 ual
1295 1161 1475 1193 reman-

56 1235 175 1268 serat
215 1220 264 1269 in
319 1221 483 1270 codice
529 1221 746 1271 Murbaci
786 1221 1043 1288 descripto,
1087 1223 1216 1287 quod
1265 1241 1352 1287 pro
1390 1234 1477 1270 aut

56 1318 305 1368 perperam
339 1301 505 1366 legerit
534 1300 810 1349 monachus.

188 1381 323 1437 Quae
353 1397 445 1444 pro
475 1378 678 1427 absurdo
711 1380 799 1428 isto
832 1382 1089 1442 impunitis
1115 1381 1357 1444 posuimus
1387 1393 1475 1428 aut

53 1462 395 1523 impunitatis,
448 1458 663 1525 quamvis
695 1457 826 1505 haud
857 1476 1077 1522 prorsus,
1116 1473 1160 1506 at
1195 1475 1317 1508 certe
1356 1479 1472 1526 quo-

54 1538 312 1588 dammodo
351 1537 540 1587 Bureiii
576 1538 844 1585 auctoritate
879 1537 1131 1586 defendere
1166 1540 1298 1587 nobis
1337 1557 1471 1605 posse

53 1620 287 1669 videmur.
360 1619 522 1676 Quum
548 1618 676 1666 enim
706 1617 844 1677 dicat,
878 1634 976 1664 sese
1000 1635 1054 1665 ex
1087 1619 1286 1683 vestigiis
1306 1620 1471 1666 veteris

54 1699 231 1748 codicis
258 1698 512 1763 legendum
550 1699 812 1745 coniecisse
846 1714 932 1762 pro
972 1696 1194 1744 immunis
1229 1700 1464 1745 inimicis:

52 1791 261 1846 apparet,
293 1778 503 1842 primum
534 1776 680 1842 ipsius
714 1775 1028 1823 candidissimi
1059 1777 1147 1823 viri
1177 1779 1316 1824 verba
1339 1778 1468 1824 nullo

51 1857 197 1906 modo
227 1874 419 1922 cogere,
456 1869 508 1903 ut
537 1856 734 1903 omnino
768 1855 887 1903 nihil
926 1854 1050 1902 aliud
1081 1856 1168 1904 nisi
1196 1856 1352 1920 ipsum
1388 1871 1467 1904 vo·

53 1938 274 1988 cabulum
323 1938 538 1984 inimicis
583 1935 817 1999 legamus,
876 1934 1047 1982 deinde
1100 1935 1331 1982 vocabulo
1378 1937 1467 1982 im·

52 2019 216 2065 munis
257 2028 441 2063 tantum
475 2013 657 2062 detrahi
694 2013 1004 2069 auctoritatis,
1046 2026 1099 2060 ut
1132 2013 1249 2061 nihil
1280 2015 1466 2060 fortasse

50 2096 253 2144 desimus
285 2094 399 2142 fidei
426 2094 775 2158 diplomaticae,
814 2094 852 2140 si
887 2093 1157 2157 recipientes
1185 2094 1466 2142 vocabulum

50 2177 309 2239 impunitis
341 2173 523 2221 literam
556 2191 614 2233 u,
660 2190 779 2238 quae
818 2185 886 2220 est
934 2173 980 2219 in
1023 2173 1252 2221 vocabulo
1294 2175 1466 2219 immu-

51 2259 150 2317 nis,
182 2271 268 2302 suo
306 2254 412 2301 loco
447 2253 777 2315 relinquamus.
850 2252 1043 2300 Constat
1077 2252 1295 2317 denique,
1332 2269 1466 2299 voca—

49 2336 219 2384 bulum
259 2335 516 2395 impunitis
543 2332 741 2397 propius
778 2331 996 2379 accedere
1029 2330 1088 2378 ad
1124 2331 1324 2379 formam
1363 2347 1462 2377 voc.

50 2416 289 2474 inimicis,
321 2412 586 2477 praesertim
615 2426 810 2478 propter
844 2412 1051 2459 iteratam
1085 2411 1149 2457 lit.
1170 2413 1189 2456 i
1200 2429 1211 2471 ζ,
1244 2410 1462 2456 facillime

48 2492 189 2557 igitur
217 2490 338 2540 illud
375 2491 506 2555 quod
543 2507 679 2556 saepe
712 2491 804 2537 iam
835 2490 1034 2538 diximus
1059 2489 1342 2537 vocabulum
1375 2490 1462 2534 im·

39 2574 235 2634 punitis
290 2571 351 2619 ita
413 2569 645 2618 obliterari
693 2581 875 2634 poterat
920 2581 971 2616 ut
1020 2580 1066 2616 et
1118 2569 1370 2624 immunis,
1414 2579 1458 2611 et

48 2652 262 2698 inimicis
300 2651 457 2714 legere
497 2650 582 2698 sibi
615 2647 849 2697 videretur
891 2647 969 2710 qui
1009 2645 1232 2694 codicem‘
1270 2644 1457 2707 propius

48 2729 309 2793 inspiceret.
