1715 3117
1459 212 1521 260 87

106 326 331 375 intellexit
368 329 656 378 coniunctim
686 329 937 394 legendum
968 348 1063 380 esse
1095 338 1516 385 mox-auunculum.

105 404 265 469 Itaque
294 407 411 454 illud
449 425 634 472 quoque
670 410 817 458 literis
853 410 1081 459 mandans
1116 412 1386 478 depravatae
1422 416 1518 463 edj-

105 485 241 532 tionis
255 488 492 554 principis
520 489 714 537 lectioni
743 490 973 554 originem
997 491 1138 540 dedit.
1205 493 1517 544 scribendum

104 578 170 612 est
203 565 362 630 igitur:

235 648 392 705 „Mox
422 651 719 696 avunculum
763 651 924 696 Titius
952 651 1178 696 imitatus
1207 659 1329 698 est.“

531 891 860 951 caru!
904 890 1095 952 111.

477 999 565 1033 ven.
588 998 638 1042 11,
662 995 718 1032 83.
735 996 768 1032 3.
793 1010 827 1043 p.
847 996 915 1032 102
938 998 990 1034 ed.
1015 999 1129 1034 oren.

190 1098 417 1147 „Absurde
446 1097 647 1165 Coponius
669 1100 758 1139 viro
782 1097 837 1139 Ε.
862 1101 1096 1152 praetorius
1119 1101 1378 1151 qravissimus
1397 1108 1522 1153 pater

105 1166 205 1207 Silii
231 1172 400 1208 δυσωπεῖ
455 1170 542 1206 Cod.
579 1171 725 1206 Amerb.
760 1174 798 1206 et
829 1172 950 1207 Murb.
989 1174 1082 1206 teste
1115 1171 1242 1206 Bau-er.
1274 1173 1318 1206 ad
1354 1183 1437 1218 pag.
1458 1172 1521 1210 47.

103 1239 281 1275 Editionis
309 1253 360 1285 pr.

735 1315 887 1331 g

102 1403 428 1476 scribendum
460 1429 672 1476 fortasse:
716 1429 1376 1491 Vir-egregiuspraetorius
1396 1446 1517 1490 gra-

105 1510 336 1555 vissimus
360 1511 516 1555 Pater
531 1509 644 1556 Silii
669 1525 820 1555 socer.
877 1506 1096 1572 Namque
1119 1507 1248 1572 quod
1276 1507 1517 1556 Grunerus

105 1587 216 1652 legit
250 1591 330 1634 vir
347 1590 636 1650 praetorius
660 1588 1017 1649 gravissimus,
1053 1589 1106 1633 P.
1131 1589 1245 1633 Silii
1266 1604 1404 1633 socer
1432 1574 1542 1652 per⁴

104 1666 342 1714 Waltheri
386 1680 508 1714 certe
547 1666 866 1713 auctoritatem
912 1683 1007 1712 non
1060 1679 1172 1725 stat,
1231 1683 1378 1730 quum
1428 1685 1518 1714 vox

103 1760 237 1810 pater
277 1764 313 1793 s.
338 1764 422 1810 pr.
471 1765 504 1793 s.
539 1755 652 1809 pat.
703 1746 929 1793 scribatur
973 1745 1022 1791 in
1069 1745 1360 1792 documentis
1403 1748 1518 1794 anti-

106 1826 223 1892 quis.
253 1855 317 1864 —
379 1825 577 1873 Accedit
615 1825 744 1891 quod
781 1843 835 1872 ex
880 1838 1198 1888 consequente
1239 1825 1322 1872 illo
1361 1828 1412 1872 in
1446 1845 1518 1873 se-

104 1915 231 1953 natu
275 1919 322 1953 et
369 1906 519 1956 allatis
558 1904 762 1970 Coponii
790 1905 964 1964 verbis,
1011 1918 1063 1950 ut
1106 1920 1224 1968 quae
1272 1905 1519 1953 ostendant

105 1984 196 2033 viri
241 1984 556 2033 honestissimi
609 1985 906 2049 gravitatem,
956 1983 1330 2047 probabilissime
1377 1986 1518 2032 effici-

106 2081 225 2123 mus,
258 2064 529 2128 Coponium
549 2064 596 2110 h.
621 2065 651 2111 l.
680 2064 998 2128 gravissimum
1023 2063 1294 2110 Senatorem
1315 2066 1519 2111 Patrem

105 2145 393 2209 appellatum
429 2161 536 2191 esse.
842 2200 863 2219 Δ

235 2223 332 2270 Sed
361 2237 517 2271 tamen
545 2241 690 2287 quum
723 2222 859 2272 video
896 2221 1291 2285 Oudendorpium
1321 2221 1378 2268 ad
1405 2222 1518 2269 Sue-

106 2315 204 2350 ton.
231 2302 353 2367 Aug.
379 2320 433 2363 71
475 2302 543 2349 de.
568 2303 698 2349 litera
735 2305 783 2349 P
800 2314 845 2349 et
882 2303 1085 2348 Publius
1120 2315 1165 2346 et
1195 2304 1350 2369 Pater
1377 2302 1518 2365 signi-

106 2383 274 2429 ficante
309 2383 600 2447 exposuisse,
640 2380 836 2442 haereo,
869 2381 1014 2443 iisque
1050 2381 1214 2442 quibus
1249 2394 1300 2425 ut
1344 2382 1520 2428 nomini

106 2460 204 2508 Silii
238 2478 524 2524 praenomen
557 2460 756 2508 addatur
800 2460 1107 2507 necessarium
1163 2458 1344 2506 videtur
1402 2460 1519 2507 haec

108 2542 277 2586 offero:

245 2652 273 2677 „
296 2621 387 2664 Vir
455 2635 486 2666 e
546 2621 834 2681 praetoriis
893 2608 1224 2680 gravissimus
1286 2618 1336 2664 P.
1411 2618 1521 2662 Silii

245 2707 436 2745 socer.“
