1715 3117
209 221 272 271 68

343 349 433 397 Pro
492 348 689 406 „liuius
730 349 908 395 nomen
922 349 965 406 ,“
1015 344 1147 409 quod
1191 344 1457 392 Rhenanus
1487 346 1633 393 inter-

213 428 376 479 cidisse
426 441 581 494 putat‚
647 427 867 493 equidem
901 426 1091 482 malim:
1157 426 1410 477 Ciceronis
1446 443 1634 473 nomen.

213 508 357 566 Quod
391 522 441 555 ut
483 526 697 556 censeam
732 506 943 554 adducor
983 519 1027 553 et
1055 523 1255 553 numero
1296 506 1547 564 orationis,
1594 519 1637 552 et
1696 516 1704 574 Ἰ

212 588 516 636 similitudine
570 589 826 635 literarum.
938 587 1096 633 Verba
1159 587 1411 632 Ciceronis
1459 603 1635 632 nomen
1700 623 1705 638 ,

214 673 361 717 cedet⁴
391 668 575 734 plenius
623 680 794 714 sonant
837 679 1038 730 suntque
1083 678 1314 730 praeterea
1358 665 1637 711 concinnius

213 749 358 809 dieta,
413 760 572 812 utpote
627 745 954 811 respondentia
995 746 1086 792 illis
1138 747 1391 791 Ciceronis
1434 748 1638 792 laudem

212 831 379 877 trahet
389 847 407 887 ,-
440 827 714 892 faciliusque
753 845 895 891 quam
929 825 1033 871 illa:
1082 827 1264 885 „liuius
1297 829 1506 871 nomen“
1554 841 1637 889 po·

165 920 170 928 ‘
210 921 398 956 tuerunt
460 925 569 953 cum
619 906 703 952 illo
753 906 1106 962 „lzominum“
1158 919 1353 968 propter
1376 906 1381 912 “
1408 904 1638 952 ductuum

211 986 561 1038 similitudinem
597 983 823 1032 confundi
852 984 1007 1049 itaque
1036 984 1209 1031 omitti.

321 1079 642 1129 scribendum
678 1078 844 1143 igitur:

352 1201 385 1223 „
407 1166 661 1228 Citiusqice
697 1181 723 1209 e
751 1164 934 1209 mundo
964 1178 1126 1223 genus
1157 1163 1436 1220 hominum,
1487 1181 1639 1226 quam

408 1245 660 1291 Ciceronis
693 1259 872 1289 nomen
907 1242 1094 1287 cedet.“

210 1338 424 1387 Fortasse
456 1336 595 1384 etiarn
622 1334 747 1382 illud
778 1337 796 1380 i
823 1334 915 1396 (in)
938 1333 1036 1380 sive
1069 1334 1209 1398 plane
1241 1351 1338 1381 non
1374 1347 1442 1388 est
1473 1352 1498 1380 a
1523 1334 1638 1382 Vel-

212 1418 292 1465 leii
325 1435 469 1464 manu
502 1416 766 1481 profectum
798 1414 898 1461 sive
929 1413 978 1459 in
1010 1432 1068 1459 ex
1104 1413 1390 1477 augendum.

315 1510 475 1558 Verba
509 1522 662 1555 autem
689 1507 764 1554 illa
799 1507 1051 1552 Ciceronis
1084 1524 1261 1553 nomen
1282 1521 1475 1572 propter
1504 1527 1637 1573 prae·

214 1588 483 1640 cedentium
514 1590 677 1639 vocab.
713 1584 1067 1634 similitudinem
1104 1586 1463 1635 interciderunt.

601 1867 928 1930 <urum
984 1864 1245 1928 XLV!-

707 1974 863 2020 ven.11‚
882 1972 940 2008 68.
973 1974 1004 2017 §-
1024 1976 1041 2008 1
1057 1976 1089 2010 ει
1104 1974 1141 2013 2,

856 2064 900 2073 e:—

218 2143 452 2214 Primum
489 2165 710 2230 equidem
742 2166 790 2212 iu
818 2166 969 2230 prima
1008 2166 1166 2230 capitis
1203 2166 1492 2231 paragrapho
1530 2167 1635 2213 neti-
1689 2168 1691 2171 ’

219 2246 400 2293 nuerim
444 2245 572 2309 quod
608 2246 656 2292 iu
705 2245 866 2292 codice
901 2245 1120 2292 exstitisse
1162 2260 1454 2310 compertum
1492 2245 1632 2292 habe·

221 2343 345 2372 mus:
382 2325 749 2386 „Africaqae.“
811 2323 962 2369 Tamo
995 2337 1260 2370 transcursu
1292 2328 1365 2383 (ut
1387 2324 1632 2371 Velleiauo

163 2446 171 2449 ,
222 2418 324 2451 utar
367 2405 533 2465 verbo)
595 2403 766 2450 dicenti
809 2404 917 2450 vitia
970 2417 1236 2466 temporum
1284 2421 1450 2466 parum
1498 2422 1634 2459 accu-

223 2498 318 2546 rate
355 2483 657 2530 definitorum
693 2484 827 2529 facile
870 2482 1205 2530 condonantur.
1260 2483 1485 2546 Idemque
1517 2482 1634 2528 infra
1702 2509 1713 2535 χ

223 2560 304 2621 (id
347 2560 476 2624 quod
529 2562 624 2624 ipse
668 2562 850 2608 monuit
895 2561 1232 2623 Ruhnkenius)
1276 2555 1458 2626 tempus
1507 2561 1634 2608 resti-

222 2642 411 2687 tutionis
464 2640 673 2704 Pompeii
723 2654 771 2686 et
817 2641 1132 2705 praefecturae
1186 2641 1275 2705 ipsi
1328 2639 1633 2687 demandatae
1691 2679 1695 2693 ,

224 2738 322 2772 non
366 2720 468 2770 satis
508 2720 792 2784 distinguere
835 2719 1031 2770 videtur.
1110 2721 1174 2768 At
1210 2720 1476 2769 memineris
1514 2737 1632 2784 quae

1672 77 1715 350 r}

1670 343 1708 414 ²21·

1696 408 1715 496 1,1

1697 487 1702 496 v
