1715 3117
1443 182 1505 225 25

525 412 855 472 cAPuw
895 414 1060 472 111.

500 517 502 519 ·
538 520 626 554 Veu.
645 519 694 564 11,
710 533 739 555 ο.
753 519 808 554 31.
831 518 945 567 p.175
958 521 1010 556 ed.
1021 521 1066 556 R.

195 621 269 661 „et
289 627 369 666 per
391 614 525 653 omnia
547 615 701 653 maiore
728 615 772 653 vi
793 613 1063 653 habebaturf‘
1117 618 1183 652 Ed.
1203 630 1254 662 pr.
1281 631 1313 664 p.
1332 621 1394 657 25.

85 789 424 860 Ruhnkenius
463 813 530 860 sic
567 812 824 877 legendum
853 826 1034 860 censet:
1077 823 1178 870 „et
1206 832 1301 876 per
1339 818 1503 861 omnia

83 894 283 939 homine
317 895 483 939 maior
521 895 955 940 existimabatur.“
1027 893 1220 956 Optime
1259 911 1402 956 quum
1438 908 1503 941 to-

82 984 175 1019 tam
219 972 344 1019 hanc
387 973 687 1032 sententiam,
748 985 847 1019 tum
891 973 1144 1018 locutionis
1187 972 1305 1019 iilius
1344 973 1505 1020 adver-

80 1053 215 1100 bialis
258 1071 359 1115 per
412 1055 580 1098 omnia
638 1069 775 1098 usum
831 1064 1065 1114 tamquam
1107 1052 1349 1099 Velleiana
1404 1053 1504 1099 vin-

82 1131 252 1180 dicavit
294 1132 394 1179 Vir.
432 1132 527 1192 Cl.,
569 1131 628 1178 de
670 1132 823 1179 verbis
866 1146 1019 1178 autem
1070 1150 1186 1195 quae
1227 1147 1501 1195 sequuntur.

81 1213 134 1257 vi
161 1213 440 1258 habebatur
474 1213 528 1258 ab
569 1212 665 1258 eius
694 1213 918 1258 sententia
955 1211 1252 1260 discedimus.

212 1347 399 1394 Docent
463 1345 786 1410 diplomafici,
854 1346 1050 1393 verbum
1107 1346 1386 1392 habebatur
1440 1346 1503 1392 sic

77 1428 248 1476 scribi:
298 1427 601 1487 ,‚lzebatzcr.“
691 1425 836 1488 Atqui
880 1425 973 1472 hoe
1016 1426 1159 1489 igitur
1209 1427 1315 1472 loco
1360 1441 1501 1487 quum

79 1508 309 1571 scriptum
362 1518 477 1553 esset
522 1506 814 1565 videbatur,
867 1505 1085 1552 librarius
1136 1522 1383 1569 perperam
1430 1522 1502 1550 ea-

76 1587 257 1652 piendo
302 1587 484 1633 literam
533 1588 592 1644 d,
638 1585 791 1649 legere
828 1587 1006 1648 putavit
1042 1586 1332 1643 vibebatur,
1373 1583 1502 1647 quod

80 1679 197 1714 esset
228 1683 384 1714 revera
417 1668 469 1712 vi
497 1665 788 1712 habebatur.
856 1664 1066 1724 Deinde,
1111 1664 1236 1727 quod
1272 1663 1499 1710 vocabulo

78 1750 270 1793 maiore
301 1762 536 1792 annexum
572 1756 664 1804 est,
701 1763 726 1790 e
756 1742 905 1804 illud,
953 1762 977 1789 a
1017 1744 1305 1790 Ruhnkenio
1335 1744 1500 1807 paullo

78 1827 296 1873 temerius
325 1826 574 1884 abiectum,
607 1824 742 1870 nobis
779 1823 898 1870 nihil
929 1823 1058 1870 aliud
1085 1837 1163 1882 est,
1196 1824 1283 1870 nisi
1313 1823 1500 1887 signum

59 1890 209 1952 >verbi
240 1925 344 1952 esse
371 1904 634 1969 saepissime
667 1902 886 1949 usitatum
907 1903 998 1958 ¹²).
1070 1902 1252 1958 Quibus
1286 1900 1344 1948 de
1374 1919 1500 1948 caus-

78 1985 137 2032 sis
172 1984 475 2032 scribendum
513 2000 610 2030 esse
650 1982 832 2029 iudico:

208 2097 306 2144 „et
350 2105 451 2149 per
510 2088 678 2133 omnia
729 2087 927 2131 homine
987 2086 1152 2130 maior
1206 2102 1310 2129 esse
1365 2086 1499 2130 vide-

209 2167 412 2214 batur.“

75 2270 209 2329 Quae
258 2269 528 2316 coniectura
569 2267 655 2313 nisi
695 2267 858 2326 fallor,
914 2263 1174 2329 expeditior
1220 2275 1286 2311 est
1332 2262 1496 2310 Ruhn-

72 2351 291 2400 keniana.

132 2493 199 2540 η)
231 2495 319 2529 Vide
343 2497 446 2528 notas
474 2495 542 2527 col.
555 2492 635 2530 442
663 2504 685 2526 a
713 2490 904 2525 walthero
930 2489 1082 2528 allatu,
1112 2498 1262 2532 quarum
1295 2498 1365 2521 una
1393 2498 1495 2531 pne-

237 2564 340 2608 cipue
376 2563 505 2598 literae
533 2572 557 2597 e
588 2560 778 2595 simillima
805 2563 874 2592 est.
929 2558 1051 2602 Neque
1080 2560 1200 2590 tamen
1231 2556 1385 2599 impedio
1411 2567 1493 2600 quo-

236 2633 354 2667 minus
381 2631 444 2666 hie
468 2642 608 2677 quoque
636 2627 834 2674 vulgatiori
858 2625 914 2661 ini
937 2636 987 2661 ee
1015 2625 1116 2659 locus
1140 2625 1364 2659 concedatur.

64 2673 95 2709 ὁ
