1715 3117
181 218 277 266 118

183 356 324 391 tatem
363 360 473 408 prae
519 361 596 390 me
629 343 762 390 ferre.
840 343 1005 407 Itaque
1045 360 1105 389 ne
1143 344 1377 404 frontem,
1427 360 1615 406 quaeso,

184 421 498 484 contrahatis,
537 422 801 485 Omnes,
840 422 884 476 ¹si
941 423 1025 495 quui
1069 422 1228 481 eritis,
1270 421 1616 482 humanissimi,
1678 468 1680 470 ,

183 514 408 568 quattuor
437 497 577 551 simul
608 503 900 551 coniecturas
931 503 1134 551 examini
1162 515 1314 551 vestro
1345 521 1370 549 a
1401 520 1476 550 me
1506 503 1615 550 sub·
1680 508 1708 555 f

180 582 322 630 iectas
360 583 625 647 conspicati.
696 584 820 631 Sunt
857 597 1015 630 autem
1044 582 1155 630 hae:

253 679 290 710 1.
340 679 451 709 cum
491 679 553 708 ne
596 664 869 725 pugnandi
912 664 1115 725 quidem
1162 662 1363 723 egregie
1421 669 1616 708 tantum

328 743 616 789 „occasionis
650 743 714 787 iis
746 751 987 804 quantum
1023 744 1288 788 voluerant
1326 744 1451 788 data
1487 747 1616 786 esset

341 824 621 884 impunitis,
653 824 916 885 castigatis
947 832 997 868 et
1026 840 1070 885 q.
1083 841 1102 880 ;

250 919 291 948 2.
347 919 457 948 cum
491 918 553 947 ne
576 905 860 964 pugnando
894 904 1093 963 quidem
1125 890 1417 963 egrediendi
1448 920 1474 946 e
1508 902 1616 946 vita

342 983 535 1027 occasio
565 983 629 1028 iis
665 983 719 1026 in
755 986 999 1044 quantam
1031 984 1294 1028 voluerant
1329 987 1454 1030 data
1487 988 1616 1028 esset

341 1063 604 1122 immuni33
1246 1072 1249 1074 '

247 1142 287 1185 5.
338 1158 448 1187 cam
475 1158 536 1186 ne
558 1157 734 1202 pugna
768 1142 970 1204 quidem
1001 1147 1329 1191 &caedendi
1358 1149 1448 1187 aut
1477 1156 1616 1186 occa-

341 1222 415 1266 sio
447 1221 511 1267 iis
539 1223 592 1267 in
626 1230 870 1285 quantum
903 1223 1168 1269 voluerant
1206 1225 1331 1270 data
1366 1229 1494 1268 esset
1525 1220 1616 1266 im—

339 1301 528 1358 manis⁷
593 1302 857 1363 castigatis
907 1302 1062 1348 etiam
1123 1302 1422 1364 quibasdam
1460 1299 1617 1362 gravi

328 1395 502 1441 poena
537 1381 657 1442 quia
693 1383 939 1428 Romani-s
972 1391 1023 1428 et
1052 1383 1212 1428 armis
1241 1390 1293 1428 et
1326 1380 1510 1426 animi-5
1537 1379 1618 1424 usi

329 1460 562 1521 fuissent
569 1479 592 1519 ,-

247 1541 290 1586 4.
337 1556 446 1586 cum
476 1557 538 1586 ne
559 1543 836 1601 pugnando
867 1542 1070 1604 quidem
1105 1542 1399 1603 egrediendi
1429 1559 1455 1586 e
1481 1540 1616 1589 vallo

341 1621 536 1666 &ccasio
580 1621 670 1680 iis,
726 1622 779 1667 in
833 1629 1078 1682 quantum
1134 1622 1427 1676 voluerant,
1491 1621 1617 1666 data

343 1708 472 1746 esset
527 1700 814 1761 impuniti3‚
883 1701 1148 1761 castigatis
1210 1701 1364 1746 etiam
1422 1699 1617 1762 quibus-

343 1782 508 1826 dam“
538 1792 585 1826 et
617 1798 660 1843 q.
683 1797 717 1826 s.

184 1857 404 1913 Quorum
425 1858 735 1906 tentaminum
757 1871 976 1921 quartum
1009 1870 1192 1906 tantum
1227 1871 1279 1904 ut
1308 1873 1460 1920 neque
1483 1856 1618 1904 nimii

183 1936 325 1984 simus
356 1955 510 2002 neque
548 1955 665 2001 quae
701 1938 836 1985 nobis
869 1937 979 2002 ipsis
1019 1936 1375 2003 quodammodo
1410 1954 1508 1983 non
1548 1954 1617 1983 sa-

182 2015 421 2064 tisfaciunt
455 2017 709 2073 leetofibffl
738 2034 1089 2083 proponamus,
1135 2017 1294 2082 paucis
1333 2018 1618 2064 confirmare

183 2096 361 2144 attinet.

314 2176 523 2224 Primum
577 2176 638 2224 de
692 2177 921 2224 sententia
976 2178 1014 2224 si
1065 2177 1247 2241 quaeris
1292 2175 1410 2224 haec
1465 2174 1618 2223 habeo

186 2273 305 2320 quae
346 2257 599 2320 proferam.
704 2256 874 2306 Tradit
910 2256 1121 2305 Velleius
1165 2274 1275 2304 eum
1329 2255 1464 2304 ducis
1501 2273 1621 2303 mar·-

188 2351 345 2382 corem
385 2337 552 2398 fuisse,
593 2350 646 2384 ut
689 2355 748 2385 ne
785 2355 949 2402 pugna
985 2337 1178 2403 quidem
1215 2336 1411 2384 salutem
1442 2348 1618 2399 petere,

186 2413 405 2479 valloque
445 2433 540 2481 quo
594 2433 673 2463 eos
712 2416 828 2464 Vari
867 2416 996 2464 iussu
1043 2415 1431 2464 circummunitos
1478 2415 1619 2463 fuisse

186 2507 387 2554 constat,
445 2494 672 2544 excedere
727 2495 914 2543 licuerit
973 2495 1211 2543 militibus.
1300 2495 1422 2545 Rem
1480 2494 1619 2558 plane

187 2571 478 2636 desperatam
529 2574 738 2640 expediri
785 2564 985 2622 omniu-o
1035 2573 1188 2627 noluit
1242 2572 1374 2621 ducis
1426 2571 1620 2635 desidia,

185 2665 347 2717 utpote
382 2671 568 2718 quaque
607 2671 661 2704 ex
709 2672 870 2720 pugna
919 2653 1104 2703 cladem
1145 2670 1315 2702 novam
1350 2667 1618 2701 exorturam

185 2733 434 2780 trementis.
1317 2727 1320 2734 ’
