1715 3117
1437 202 1485 237 X!

66 383 67 391 ἵ
197 326 416 373 Zeltnero
467 329 685 379 auctore,
744 318 1009 367 Seletstadii
1067 318 1110 361 in
1172 314 1284 368 urbe
1345 312 1488 377 patria

87 401 328 451 habitabat
372 399 626 447 Rhenanus
660 394 729 459 ³⁶).
812 392 1022 440 Basileae
1073 391 1254 454 quidem
1295 403 1489 438 commo-

87 478 279 526 rabatur
327 494 469 541 quum
518 474 641 539 typis
694 472 1026 533 exprimeretur
1079 465 1297 512 Velleius.
1380 462 1492 525 Epi-

88 554 249 620 logum
289 555 435 611 enim,
473 549 651 596 Velleio
695 547 741 591 in
782 544 873 590 line
913 558 1166 596 annexum,
1206 539 1326 585 dedit
1366 537 1494 585 Basi-

90 629 189 677 leae
217 629 366 677 XVII
406 625 506 684 Gal.
548 625 690 681 Dee,
741 619 1069 666 dedicationem
1116 630 1224 660 vero
1271 613 1399 671 libri,
1448 613 1494 657 in

93 705 248 753 fronte
286 705 510 768 positam,
553 699 634 746 sed
679 703 866 763 peraeta
917 693 1127 749 demum,
1170 696 1220 735 ut
1257 688 1499 733 etiamnum

87 781 172 842 fit,
210 779 508 843 impressione
553 776 795 837 scriptam,
847 766 1109 816 Seletstadii
1159 761 1223 809 17
1259 761 1327 808 ld.
1372 761 1500 818 Dec.,

97 856 305 921 adeoque
353 852 516 917 viginti
565 849 715 897 tribus
757 844 918 892 diebus
969 849 1076 907 post
1127 856 1268 903 quum
1321 835 1503 883 domum

98 931 312 980 rediisset
348 929 495 978 literis
534 923 777 972 mandavit.

224 1039 524 1103 Quapropter
583 1048 861 1099 quamquam
919 1027 997 1074 diu
1045 1020 1309 1073 Seletstadii
1365 1018 1506 1067 domi-

102 1115 261 1164 eilium
298 1113 459 1161 habuit
495 1112 694 1169 Beatus,
744 1121 863 1153 anno
905 1111 1058 1149 tamen
1100 1096 1264 1156 1515,
1303 1108 1395 1160 qu‘o
1435 1110 1508 1141 eo-

104 1190 250 1247 dieem
295 1192 533 1240 inventum
585 1202 688 1232 eum
737 1180 978 1228 Bonifaeio
1026 1171 1341 1222 Amerbaehio
1392 1186 1511 1217 eom-

104 1266 378 1325 municavit,
422 1260 628 1310 nondum
667 1260 715 1310 in
752 1256 901 1320 patria
941 1249 1233 1309 consederat3
1275 1245 1355 1292 sed
1386 1244 1512 1290 Basi-

106 1342 206 1403 leae
242 1341 392 1388 adhue
438 1335 642 1385 Cononis
679 1341 724 1380 et
770 1329 958 1388 Ioannis
997 1321 1293 1373 Amerbaehii
1330 1335 1514 1368 eonsue-

106 1417 267 1474 tudine
305 1423 351 1463 et
384 1412 694 1461 familiaritate
734 1403 977 1472 gaudebat.
1057 1398 1262 1447 Orellius
1291 1397 1408 1458 epim
1433 1397 1515 1453 **):

110 1489 314 1556 „Atque
356 1507 517 1537 verum
565 1494 662 1545 est,
715 1483 892 1546 inquit,
939 1472 1305 1540 (Bonifaeium)
1354 1468 1518 1518 Amer-

110 1559 327 1628 baehium
366 1573 524 1612 natum
564 1576 684 1609 anno
716 1543 1011 1607 MCDXCV
1048 1566 1270 1600 annorum
1307 1546 1441 1591 unius
1475 1549 1520 1588 et

114 1644 281 1708 viginti
328 1641 691 1696 adolescentem,
743 1651 845 1680 eum
897 1627 1115 1680 Codieem
1165 1621 1520 1671 Murbaeensem

117 1719 388 1783 descripsit,
426 1713 641 1772 Rhenani
690 1710 835 1756 fuisse
875 1701 1172 1766 discipulum,
1208 1704 1259 1744 ut
1297 1694 1431 1742 didici
1467 1710 1523 1739 ex

120 1786 320 1860 quadam
359 1795 456 1852 eius
496 1786 717 1854 epistola,
754 1798 873 1831 anno
911 1776 1051 1827 1520
1086 1775 1143 1821 ad
1181 1779 1524 1837 praeceptorem

119 1870 257 1931 missa
298 1877 344 1917 et
369 1865 580 1924 Basileae
614 1861 844 1924 hodieque
882 1850 1159 1906 asservata.“
1235 1847 1368 1907 Quae
1407 1859 1524 1894 eom-

122 1963 286 2010 pares,
323 1959 513 2009 quaeso,
553 1957 656 1987 eum
699 1938 773 1995 iis,
810 1949 925 1998 quae
964 1927 1206 1975 Zeltnerus
1245 1921 1385 1968 tradit
1417 1913 1524 1982 ***);

123 2019 429 2080 Rhenanum,
493 2014 757 2080 Argentina
818 2007 1005 2063 relicta,
1077 1998 1286 2054 Basileae
1342 1993 1528 2042 Ioannis

215 2181 244 2229 ·)
294 2181 373 2215 vm.
416 2174 602 2222 Zelmeri
637 2175 887 2210 correctorum
923 2170 959 2204 in
996 2160 1269 2219 Typographiis
1303 2157 1529 2194 Eruditorum

292 2234 511 2270 Centuriam.
538 2231 701 2267 Norimb.
729 2228 832 2266 1716
867 2237 950 2271 pag.
972 2222 1064 2259 467.
1118 2220 1286 2253 ceterum
1322 2219 1440 2247 utrum
1460 2221 1530 2254 quo

292 2293 452 2335 tempore
481 2287 639 2322 codicem
664 2282 850 2325 inveniret,
879 2281 952 2314 iam
978 2277 1142 2322 Basileac
1178 2284 1222 2306 au
1257 2270 1373 2304 adhue
1399 2267 1530 2307 Argen-

295 2346 392 2380 tinae
427 2344 546 2377 sedem
589 2341 741 2375 haberet
781 2349 825 2372 an
866 2333 1063 2380 Argentina
1098 2327 1279 2364 Basileam
1313 2321 1534 2368 proficiscens

296 2401 510 2435 Murbacum
529 2394 720 2430 deverterit
748 2392 850 2426 nobis
875 2402 943 2424 non
970 2388 1104 2433 liquet;
1130 2383 1188 2417 sed
1208 2378 1356 2425 liquebit
1384 2377 1535 2409 fortusse

297 2455 340 2489 iis
365 2455 491 2500 quibus
518 2463 566 2486 m.
588 2450 691 2485 Beati
715 2446 882 2483 Rlienani
898 2445 981 2479 vita
1013 2453 1034 2477 a
1062 2441 1112 2474 lo.
1131 2434 1287 2472 Sturmio
1305 2431 1416 2467 Rasin.
1434 2426 1530 2464 1551

300 2510 397 2544 edita
423 2512 459 2541 et
483 2519 505 2541 a.
536 2507 701 2540 Zeltnero
726 2504 923 2536 monstrata
949 2497 1002 2532 uti
1031 2496 1148 2531 licent.

202 2589 257 2639 φά)
294 2592 372 2628 Vid-
392 2591 504 2626 oren.
532 2593 568 2622 ct
595 2579 695 2621 ve11.‘
713 2597 744 2629 p.
766 2583 859 2618 v111.
915 2582 962 2615 Et
989 2579 1033 2614 de
1060 2570 1288 2612 Amerbachii
1315 2563 1538 2614 praenomine

299 2647 364 2681 cfr.
397 2647 512 2680 Zeltn.
543 2644 567 2676 l.
592 2643 617 2676 1.
645 2653 677 2686 ι).
696 2639 786 2677 465.

193 2727 261 2775 ···)
294 2728 370 2762 m.
405 2728 518 2762 zelen.
545 2727 569 2759 1.
596 2725 618 2758 1.
