1715 3117
198 203 261 251 14

196 342 343 382 motas
382 346 407 376 a
443 329 695 394 parietibus
733 329 792 378 ad
823 329 1147 378 circuitionem
1181 343 1234 377 ut
1263 331 1470 396 porticus
1497 331 1618 396 peri-

193 409 452 476 styliorum.
514 410 741 457 Medium
760 419 928 457 autem
957 411 1044 457 sub
1084 412 1200 458 divo
1228 420 1302 457 est
1336 411 1442 458 sine
1473 420 1620 472 tecto,

195 488 440 553 aditusque
485 489 730 537 valvarum
781 507 834 536 ex
868 503 1067 555 utraque
1102 503 1232 554 parte
1268 490 1318 537 in
1353 507 1535 555 pronao
1575 502 1619 536 et

193 566 390 632 postico.
472 566 624 614 Huius
670 582 830 615 autem
877 569 1115 633 exemplar
1162 567 1346 615 Romae
1393 586 1487 615 non
1532 581 1617 629 est,

193 645 276 693 sed
313 646 511 717 ᾼὼευίε
557 648 834 712 octastylos,
881 661 927 694 et
959 647 1010 694 in
1057 648 1235 712 templo
1274 646 1515 714 Olympio.
1552 656 1618 686 -'—-

193 728 330 774 Hanc
368 740 524 773 autem
558 729 757 773 formam
793 727 836 773 ei
861 743 1077 792 quoque,
1117 726 1248 792 quod
1277 726 1465 789 Velleio
1504 742 1616 775 teste

189 806 322 854 Sulla
360 807 595 868 exstruxit,
634 807 814 854 Dianae
854 808 1033 871 templo
1071 807 1209 853 fuisse
1243 807 1330 854 nisi
1366 814 1545 856 constat
1574 822 1618 854 at

192 903 316 936 certe
353 888 586 937 coniicere
621 889 729 935 licet
767 907 821 936 ex
853 888 927 936 his
963 889 1190 952 Vitruvii:
1247 889 1477 952 „(Decor
1511 907 1617 954 per-

191 969 386 1030 ficitur)
435 968 634 1015 statione
679 987 829 1034 quum
874 968 982 1016 Jovi
1038 968 1239 1032 Fulguri
1283 982 1326 1015 et
1376 968 1522 1016 Coelo
1572 983 1618 1016 et

192 1048 293 1095 Soli
339 1060 383 1094 et
428 1047 589 1094 Lunae
636 1050 873 1109 aedificia
916 1049 1003 1094 sab
1050 1049 1165 1093 divo
1204 1049 1616 1112 lzypaetlzraeque

192 1128 556 1175 constituuntur.
589 1158 656 1166 -—
712 1128 916 1188 Junoni,
953 1127 1160 1187 Dianae,
1198 1118 1388 1174 Libero'
1403 1129 1526 1192 patri
1550 1158 1619 1166 —

189 1210 228 1256 si
265 1208 399 1255 aedes
427 1207 620 1256 Jonicae
656 1223 1016 1268 construentur,
1053 1207 1211 1255 habita
1244 1207 1330 1255 erit
1369 1208 1487 1255 ratio
1520 1226 1615 1255 me-

190 1287 502 1335 diocritatis.“
541 1291 592 1349 ⁷)

321 1368 467 1416 Vides
518 1368 694 1432 igitur,
752 1384 857 1414 mea
907 1369 1129 1434 opinione
1189 1368 1341 1414 verbis
1394 1370 1446 1413 in
1491 1383 1616 1413 area

189 1452 387 1495 interna
410 1448 661 1512 significari
688 1447 981 1495 Graecorum
1009 1438 1266 1514 ὕπαιθρον.
1327 1446 1475 1493 Cuius
1506 1446 1616 1493 loco

190 1529 424 1575 Romanos
462 1528 557 1577 sive
604 1528 651 1574 in
700 1529 972 1576 universum
1010 1546 1213 1588 aream,
1267 1528 1360 1574 sive
1395 1528 1617 1572 mediam

191 1627 367 1655 aream
387 1645 400 1669 ,
447 1608 542 1655 sive
581 1607 785 1672 denique
829 1624 1005 1654 aream
1040 1610 1290 1654 internam
1328 1605 1495 1653 dixisse
1537 1623 1616 1669 ap-

193 1703 344 1754 paret,
391 1688 588 1754 opinor,
635 1704 689 1732 ex
728 1687 878 1733 allatis
913 1688 1138 1748 Vitruvii,
1184 1686 1309 1733 Festi
1345 1684 1614 1750 Velleiique

188 1768 354 1814 verbis.

327 1846 462 1903 Quae
508 1864 656 1911 quum
707 1846 801 1892 iam
854 1845 958 1892 satis
1005 1859 1128 1892 certa
1180 1863 1275 1892 esse
1328 1843 1614 1904 viderentur,

189 1944 286 1973 rem
339 1928 478 1992 plane
540 1924 736 1973 absolvit
798 1923 1116 1991 expediitque-
1151 1926 1284 1972 locus
1341 1925 1397 1970 ab
1461 1924 1614 1971 amico

189 2006 458 2053 doctissimo
490 2005 823 2052 humanissime
851 2022 1040 2053 mecum
1073 2005 1460 2054 communicatus.
1517 2004 1614 2050 Go-

189 2084 409 2133 thofredo
451 2085 575 2133 enim
621 2085 681 2132 ad
721 2085 912 2132 Festum
959 2103 992 2131 S.
1033 2102 1074 2132 v.
1118 2102 1220 2131 area
1271 2097 1460 2130 auctore
1494 2082 1613 2133 haec

189 2165 408 2228 leguntur
440 2165 489 2212 in
533 2165 697 2229 glossis
729 2165 980 2213 veteribus:
1037 2167 1182 2229 area]
1217 2156 1375 2224 αὐλή,
1415 2150 1614 2231 προσίοι)

187 2236 454 2312 ὕπαιθρον,
495 2237 649 2303 ἅλως.
729 2246 887 2292 Restat
921 2258 973 2291 ut
1011 2245 1431 2292 commonefaciam
1469 2245 1613 2291 lecto-

189 2343 311 2386 rem,
349 2346 373 2372 a
412 2344 484 2373 me
521 2326 738 2372 insertam
769 2342 864 2371 esse
900 2341 1057 2390 praep.
1093 2326 1171 2383 in,
1206 2338 1386 2383 natam,
1422 2324 1612 2390 opinor,

188 2424 244 2453 ex
277 2406 408 2454 litera
431 2407 461 2465 i,
502 2424 641 2470 quam
672 2404 880 2453 omiserit
912 2404 1139 2452 librarius.
1211 2404 1429 2452 Ceterum
1458 2405 1496 2450 si
1530 2421 1614 2470 per

188 2486 545 2550 grammaticam
589 2486 693 2532 fieri
739 2503 873 2549 posse
925 2499 1084 2549 putes,
1142 2483 1260 2530 nihil
1306 2500 1467 2538 moror
1513 2500 1610 2547 quo

188 2552 344 2613 miuus
375 2566 570 2626 scribas,
609 2566 781 2611 tabula
820 2583 973 2612 areae
1008 2567 1250 2612 internae.

244 2680 281 2729 ⁷)
319 2683 508 2729 Leguntur
535 2683 628 2718 haec
653 2695 709 2728 ap.
736 2682 874 2717 Vitruv.
900 2684 925 2718 l.
953 2683 979 2716 1.
1013 2695 1042 2716 c.
1069 2685 1105 2720 2.
1132 2685 1217 2717 sect.
1240 2684 1296 2720 5.,
1321 2680 1385 2715 ina
1410 2679 1508 2714 tm.
1533 2682 1610 2715 c.2.

325 2748 411 2777 noct.
442 2747 529 2778 extr.
555 2755 597 2778 ex
623 2744 677 2776 od.
704 2739 876 2776 Schneid.
