1715 3117
1420 201 1478 245 55

6 319 11 357 s
60 325 420 377 eupectatoque
442 315 620 363 facilius
654 315 959 363 confunditur
988 336 1094 366 cum
1128 336 1183 366 eo
1212 321 1343 385 quod
1373 322 1474 369 cod.

57 391 218 443 Murb.
248 392 453 441 exhibet:
494 395 590 440 via.
662 394 820 450 Quare
854 395 1175 444 scribendum:

186 486 315 542 „Ibi
358 488 531 549 primo
591 489 792 534 variam
846 489 1121 547 fortunam
1177 498 1476 555 expugnavit

189 568 426 614 virtute.“

58 659 265 707 Fortuna
298 658 345 706 h.
366 658 410 719 l.‚
449 659 518 705 uti
546 671 590 706 et
617 660 688 706 bis
724 660 828 707 eod.
870 661 916 707 in
956 680 1058 727 cap.
1082 662 1180 710 Dea
1211 679 1287 714 est.
1358 669 1478 716 Ver-

58 740 176 786 bum
236 738 541 803 expuguandi
594 757 650 786 eo
708 757 804 804 quo
853 741 1071 789 volumus
1127 761 1266 791 sensu
1310 746 1478 810 legitur

60 825 132 874 Qut
167 819 380 884 exemplo
414 827 536 876 utar)
576 819 706 885 apud
738 819 832 868 Cic.
873 821 1038 869 Parad.
1064 822 1148 882 IV,
1177 840 1239 870 1.:

187 904 486 964 „Sapientis
514 905 736 949 animum
767 907 962 951 vincere
991 915 1039 951 et
1073 912 1405 969 expugnare.“

7 1012 9 1066 j
60 994 157 1043 Sed
195 994 311 1042 haec
348 995 590 1042 hactenus.
680 997 894 1044 Attamen
943 999 1183 1063 egregium
1230 1001 1481 1065 magnique

8 1072 9 1076 ¹
59 1074 332 1122 faciendum
381 1074 590 1122 succedit
635 1076 855 1123 auxilium
901 1094 957 1124 ex
1002 1077 1056 1125 iis
1104 1096 1221 1143 quae
1270 1081 1480 1144 proxime

60 1153 368 1202 antecedunt:

204 1249 476 1310 „Sequens
507 1249 774 1307 fortunam
809 1267 951 1296 suam
980 1251 1184 1306 Caesar,
1211 1262 1479 1313 pervectus

204 1330 256 1374 in
285 1328 554 1385 Africam,
595 1346 744 1391 quam
781 1331 938 1375 occiso
980 1330 1217 1387 Curione,
1260 1333 1478 1377 Iuliana-

203 1427 316 1454 rum
372 1412 494 1455 duce
529 1411 788 1471 partium,
857 1411 1152 1474 Pompeiani
1199 1410 1478 1456 obtinebant

205 1491 473 1550 exercitas,
512 1488 581 1534 ibi
600 1490 825 1550 primo“
860 1489 958 1536 rell.

61 1581 196 1640 Quae
232 1599 419 1628 summo
467 1581 566 1628 iure
610 1599 635 1626 a
674 1580 963 1628 Ruhnkenio
1007 1581 1304 1646 impugnata,
1351 1584 1480 1631 nullo

59 1661 160 1708 iure
203 1672 249 1707 et
292 1662 348 1707 ab
393 1660 475 1706 illo
521 1673 564 1706 et
612 1678 634 1704 a
683 1659 889 1706 Krausio
939 1660 1110 1707 intacta
1151 1675 1261 1707 sunt
1313 1662 1480 1709 relicta.

62 1741 187 1788 Sunt
231 1742 357 1787 enim
396 1740 499 1787 sine
536 1737 687 1787 dubio
719 1756 749 1784 a
782 1739 929 1786 Beato
972 1739 1205 1789 Rhenauo
1242 1741 1356 1787 falso
1392 1740 1481 1788 dis·

63 1821 233 1881 tincta,
269 1833 314 1866 et
341 1838 365 1865 a
395 1837 477 1866 sua
508 1818 567 1864 ad
592 1836 734 1884 quam
769 1819 1009 1882 pertinent
1040 1819 1234 1883 periodo
1261 1820 1476 1866 seiuncta.

64 1899 234 1964 Neque
267 1913 420 1946 tamen
461 1897 719 1945 admodum
753 1915 936 1945 necesse
971 1912 1060 1957 est,
1091 1899 1290 1946 scribere
1317 1898 1481 1945 Ruhn-

62 1979 263 2027 keniana
283 1979 381 2026 illa:
410 1987 682 2040 pervectus
706 1986 779 2023 est
809 1977 901 2024 sive
921 1987 1299 2040 per-vectusque.
1349 1977 1482 2033 Quae

65 2059 207 2107 verba
242 2058 337 2105 sive
370 2076 481 2104 cum
517 2057 908 2122 consequentibus
941 2057 1018 2103 Ibi
1034 2059 1204 2119 primo
1238 2068 1341 2103 cett.
1381 2056 1482 2102 iun·

64 2155 168 2200 gas,
203 2136 297 2185 sive
332 2153 387 2183 eo
413 2154 508 2201 quo
540 2150 651 2183 sunt
673 2136 778 2183 loco
809 2137 1067 2199 relinquas,
1107 2148 1482 2194 commonstrant,

63 2216 198 2282 parvi
231 2217 464 2280 ssoccique
499 2214 765 2262 faciendam
806 2231 900 2261 esse
942 2213 1249 2262 collaudatam
1283 2214 1483 2261 Acidalii

49 2296 423 2345 correctionem.
496 2294 629 2352 Quid
662 2293 827 2342 enim?
898 2292 1063 2343 Caesar
1099 2310 1297 2356 sequeus
1342 2311 1480 2340 suam

64 2377 374 2434 Fortunam,
431 2374 481 2421 in
541 2373 748 2420 Africam
802 2387 1072 2438 pervectus,
1136 2374 1288 2436 primo
1340 2374 1483 2417 varia

68 2456 323 2514 Fortuna,
368 2469 479 2500 mox
522 2453 748 2518 pugnavit
780 2451 907 2498 sua?
941 2481 1006 2489 —
1071 2450 1200 2508 Quid
1243 2450 1357 2497 haec
1399 2449 1481 2495 sibi

67 2532 264 2581 volunt?
330 2530 460 2580 Num
499 2531 618 2579 duae
653 2532 885 2580 Fortunae
919 2530 1092 2578 Velleii
1133 2530 1288 2577 auimo
1325 2529 1483 2575 obver-

66 2612 313 2671 sabantur,
342 2612 486 2658 altera
517 2613 665 2657 varia
685 2646 698 2670 ,
732 2610 871 2656 altera
897 2607 1170 2655 Caesar-is?
1199 2636 1263 2644 —-
1322 2605 1481 2662 Vides,

29 2691 222 2764 ‚multo
241 2691 409 2738 melius
440 2707 498 2738 ex
533 2703 688 2737 nostra
719 2686 1044 2736 emendatione
1067 2686 1322 2742 Caesarem,
1353 2701 1479 2728 suam
