1715 3117
1428 216 1490 262 89

463 468 792 528 CAPUT
856 470 1093 530 an.

495 579 582 612 Vell.
594 579 640 621 11,
657 576 711 611 85.
726 577 759 610 6.
780 591 814 624 p.
826 574 891 613 104
902 579 953 614 ed.
967 580 1074 614 Orell.

181 705 209 723 „
218 676 394 730 Fuz'tque
421 679 461 716 in
492 680 690 728 confesso„
718 679 867 718 milltes
895 682 1039 731 optimi
1064 682 1317 733 inqua-amris
1331 711 1340 721 .
1374 685 1490 735 impe-

68 752 247 784 ratorem
271 747 526 797 fitquc-issimi
556 746 696 786 militis
725 748 905 797 semotum.
940 749 1073 799 officio
1110 748 1264 787 uidebit
1289 752 1311 788 ‹L-
1338 765 1407 789 sm)
1440 766 1491 790 (m

75 811 323 866 Cleopatrae
361 814 532 853 arbitrio
562 816 775 853 victoriam
809 823 1105 867 temperaturus
1139 819 1302 867 suerat,
1341 821 1409 870 qni
1438 820 1495 858 ad

70 882 157 920 eins
185 881 397 921 arbitrium
425 883 584 922 direoez't
609 883 794 934 fuyam.“
850 888 917 922 Ed.
944 900 995 932 pr.
1027 901 1059 933 p.
1074 888 1137 926 48.

70 1024 168 1114 Ad
219 1066 352 1115 hunc
396 1068 556 1116 locum
610 1068 857 1115 Burerius:
910 1069 1070 1130 „Mihi
1113 1072 1273 1119 melius
1321 1075 1491 1138 placet,

70 1161 124 1193 ut
157 1148 357 1211 legatur:
414 1156 468 1194 ut
502 1148 695 1194 dubites
730 1165 881 1193 suone
915 1167 982 1194 an
1023 1152 1322 1214 Cleopatrae
1359 1154 1491 1199 arbi-

70 1227 168 1273 trio
205 1223 328 1286 ἆσέ(

198 1320 265 1366 At
321 1319 557 1382 exemplar
609 1319 894 1367 Amerbach.
943 1322 1109 1368 omissa
1164 1341 1278 1371 voce
1333 1326 1488 1386 officio

68 1396 188 1445 haec
230 1398 391 1446 habet:
427 1401 668 1458 sunctum
712 1400 952 1447 videbites
981 1419 1042 1447 ne
1076 1419 1142 1447 cm
1179 1429 1243 1437 —-
1285 1405 1358 1448 ad
1389 1406 1492 1450 eius

57 1479 254 1540 fugam
285 1479 550 1524 arbitrium
583 1481 766 1524 direxit
783 1481 989 1541 fugam.

200 1570 305 1618 Jam
351 1570 538 1635 pridem
582 1571 696 1617 mihi
731 1571 967 1635 displicuit
1007 1572 1126 1618 illud
1164 1587 1257 1619 tam
1296 1576 1488 1638 abrupte

68 1669 219 1700 novae
269 1650 703 1715 comprehensionis
741 1653 797 1697 ab
840 1652 969 1697 initio
1009 1651 1208 1715 positum
1263 1655 1488 1700 Dubites.

71 1731 246 1778 Melius
282 1745 406 1778 certo
441 1730 712 1794 elegantiori
747 1731 965 1777 orationis
1003 1732 1211 1778 transitui
1245 1733 1490 1780 inserviret

70 1810 342 1858 coniunctio
377 1819 432 1856 ut
478 1827 568 1872 qua
615 1829 726 1857 cum
762 1809 1141 1857 antecedentibus
1185 1812 1488 1875 iungerentur

66 1889 322 1955 sequentia.
409 1888 573 1954 Itaque
623 1908 733 1936 cum
785 1889 979 1937 Burerio
1028 1890 1331 1938 scribendum
1375 1909 1487 1939 con-

69 1968 274 2016 iicimus:
321 1977 376 2014 ut
410 1969 614 2014 dubites,
696 1968 884 2014 Etenim
914 1969 980 2015 uti
1018 1968 1064 2016 h.
1096 1970 1128 2016 l.
1166 1988 1220 2016 ex
1249 1969 1486 2018 uidebites

70 2058 137 2097 ut
167 2047 373 2108 dubites,
407 2048 471 2094 ita
503 2066 644 2110 supra
676 2064 731 2093 ex
762 2048 1011 2094 uirebatur
1043 2050 1252 2095 omnium
1283 2066 1338 2096 ex
1373 2066 1485 2096 con-

68 2145 210 2175 sensu
240 2127 415 2174 factum
450 2138 518 2173 est
549 2135 647 2186 „ut
681 2128 914 2173 rebatur.“

211 2222 436 2282 Officium
447 2223 777 2282 fugacissimi
798 2222 988 2279 militis,
1021 2237 1076 2267 co
1108 2238 1204 2284 quo
1226 2220 1486 2267 Rhenanus

69 2300 226 2364 posuit
267 2317 404 2346 sensu
446 2299 541 2346 diei
575 2317 670 2346 non
703 2307 845 2363 posse'
873 2299 1054 2363 egregie
1090 2301 1271 2346 monuit
1310 2300 1484 2363 optime

68 2379 261 2426 meritus
285 2378 459 2426 codicis
472 2377 833 2425 Amerbachiani
853 2377 1029 2425 Editor.
1104 2377 1200 2434 Qui
1225 2397 1367 2443 quum
1399 2395 1484 2442 pro

63 2459 158 2506 hae
196 2458 412 2505 Rhenani
455 2458 817 2522 interpolatione
850 2456 1046 2505 dederit.
1071 2460 1204 2518 vice,
1246 2474 1348 2504 mea
1386 2457 1483 2520 opi·

70 2537 214 2585 nione
244 2538 434 2585 omniuo
469 2554 631 2583 verum
670 2536 797 2582 vidit.

196 2631 535 2695 Subsequentia
612 2629 831 2676 codicum
883 2643 927 2675 ct
981 2629 1137 2676 Murb.
1190 2643 1235 2675 et
1285 2627 1475 2675 Amerb.

63 2709 127 2755 ad
169 2709 309 2757 fidem
369 2710 618 2757 certissime
675 2709 910 2773 corrigere
975 2709 1105 2766 licet,
1172 2707 1262 2753 hoc
1314 2704 1479 2753 modo:
