1715 3117
1398 213 1486 261 137

74 327 236 376 addat:
276 329 453 376 seilicet
499 330 560 377 ita
604 344 655 377 ut
699 331 825 395 prius
876 332 1110 396 scripserit
1146 338 1249 382 eius
1291 340 1340 382 in
1383 341 1487 385 vita

71 410 173 469 inq.
209 410 532 469 memoriam,
578 423 676 456 tum
717 409 881 456 delerit
916 413 1013 472 inq.
1052 426 1095 458 et
1128 413 1211 459 litt.
1244 433 1295 461 m
1327 434 1487 480 super·

68 486 308 549 scripserit
351 504 452 533 voc.
490 489 609 537 vita.
691 486 875 543 Quodsi
924 501 1060 534 uotae
1104 490 1224 537 illius
1262 494 1318 539 ab
1358 494 1487 541 initio

69 580 177 611 casu
222 579 402 612 tantum
447 565 672 612 omissum
718 581 786 613 est
826 585 866 614 v.
919 569 996 627 in,
1053 567 1187 614 aliam
1233 590 1315 617 nos
1354 586 1490 637 atque

71 661 212 708 quam
243 643 447 691 Orellius
482 645 730 709 proposuit
763 645 1017 693 lectionem
1051 646 1099 693 in
1137 647 1342 696 medium
1374 670 1485 714 pro-

67 725 283 784 ferimus;
330 725 502 789 quippe
542 725 846 772 scribendum
887 727 1185 774 coniicimus:
1236 733 1487 777 coelestem

71 806 176 851 eius
227 805 563 865 invictamque
616 806 921 850 memoriam.
1024 802 1210 852 Etenim
1260 807 1373 871 quid
1423 822 1489 854 cst

18 935 21 941 v
71 885 299 930 caelestis
335 883 478 930 vita?
504 913 571 920 --
621 884 756 931 Malis
797 886 989 932 fortasse
1034 888 1353 949 inclitamque
1390 905 1487 932 me-

0 950 1 970 ³
66 965 292 1009 moriam.
361 962 457 1010 Sed
482 962 656 1011 dicitur
692 968 907 1011 adamas
941 966 1176 1025 invictus,
1210 980 1257 1013 et
1283 966 1488 1013 similiter

65 1041 312 1090 Lucretius
346 1042 384 1103 I,
407 1046 502 1106 950
539 1043 791 1108 „Corpora
825 1059 1054 1110 perpetuo
1088 1045 1281 1092 volitare
1317 1045 1488 1094 invicta

63 1139 149 1187 per
178 1125 394 1171 aevum.“

588 1230 699 1295 Pag.
719 1238 787 1282 44.
829 1249 869 1278 v.
897 1239 966 1282 19.

195 1322 259 1384 II,
283 1327 354 1370 24.
377 1326 420 1371 4.
458 1333 732 1385 superaret.
809 1323 1101 1372 Infinitivum
1133 1341 1372 1385 superare
1401 1324 1486 1371 mi-

64 1421 152 1450 nus
173 1403 340 1450 Latine
369 1403 572 1467 positum
591 1404 808 1468 putarim,
830 1403 1245 1468 scribendumque:
1283 1422 1485 1465 supera-

62 1491 204 1530 turus
236 1493 360 1531 erat.

601 1589 709 1652 Pag.
732 1595 799 1638 46.
841 1607 881 1636 v.
901 1597 941 1639 9.

195 1683 257 1743 ΙΙ,
290 1686 362 1731 26.
411 1702 447 1730 1.
517 1683 572 1729 In
617 1684 779 1730 vocab.
825 1684 940 1728 aevi
991 1681 1186 1729 offendit
1227 1700 1335 1729 cum
1384 1682 1483 1729 aliis

60 1760 167 1810 VV.
195 1762 306 1813 DD.
346 1762 566 1810 Orellius.
642 1762 705 1808 At
743 1761 1003 1809 notandum
1041 1775 1128 1821 est,
1168 1761 1369 1808 Marium
1400 1780 1481 1826 pa-

61 1855 180 1888 trem
222 1841 478 1889 diutissime
517 1841 708 1901 vixisse,
755 1842 903 1888 filium
948 1859 1059 1889 vero
1106 1842 1303 1888 maxime
1347 1857 1482 1904 prae-

60 1934 239 1966 matura
271 1934 420 1968 morte
453 1921 700 1985 abreptum
739 1937 856 1981 esse,
895 1919 1020 1967 uude
1054 1921 1273 1968 facillime
1311 1920 1411 1967 aevi
1444 1938 1476 1965 s.

61 2000 218 2047 aetatis
245 2002 424 2049 mentio
454 2001 560 2048 fieri
598 2015 796 2065 poterat.

605 2135 710 2200 Pag.
737 2142 804 2186 47.
837 2153 878 2183 v.
902 2144 941 2185 1.

193 2226 262 2289 Π,
294 2230 366 2276 26.
398 2246 439 2276 2.
510 2229 711 2277 Retineo
772 2229 1006 2292 volgatam
1060 2230 1207 2275 malis
1254 2227 1480 2289 publicis,

62 2307 210 2355 multo
239 2308 405 2356 fortior
438 2308 485 2358 h.
511 2310 541 2356 l.
581 2323 647 2357 est
675 2309 867 2374 pluralis
896 2326 1039 2374 quam
1073 2307 1330 2372 singularis».

583 2451 690 2516 Pag.
712 2458 779 2502 47.
815 2470 856 2500 v.
880 2459 947 2501 11.

189 2543 253 2602 II,
291 2546 361 2591 26.
389 2547 431 2591 5.
488 2546 741 2603 Quantam
771 2572 837 2581 ——
866 2544 1108 2608 accessit]
1173 2543 1358 2590 Horum
1380 2559 1477 2588 ver·

60 2624 242 2669 borum
272 2622 331 2672 de
352 2640 508 2670 -sensu
551 2624 689 2688 plane
723 2623 1017 2671 consentiens
1059 2641 1167 2668 cum
1201 2622 1377 2668 Orellio
1413 2620 1473 2666 V.

61 2701 164 2760 Ill-5
192 2703 332 2750 verba
370 2720 498 2750 nunc
526 2730 594 2741 —-
619 2705 744 2750 latet
778 2703 841 2749 ita
879 2701 1192 2751 emendat-im:
1228 2717 1353 2747 nunc
1378 2700 1475 2744 vir-
