1715 3117
221 231 251 271 X

220 352 484 410 „app-areat.
565 343 667 399 Nec
687 353 931 409 propterea
970 345 1145 392 nullam
1178 345 1290 395 mihi
1321 349 1518 410 gratiam
1547 347 1625 396 ha-

220 411 412 480 „behis,
456 419 598 470 amice
637 419 808 481 lector,
856 423 981 487 quod
1015 439 1107 469 non
1144 424 1297 470 onmia
1337 425 1624 472 restituet-im.

219 495 436 562 „Quodsi
469 503 520 544 tu
551 497 695 544 scires
733 514 870 561 quam
909 513 997 560 ego
1035 496 1283 544 laborarim
1318 497 1365 544 in
1396 497 1467 557 his
1497 500 1623 563 frag-

219 572 419 632 „mentis
459 579 694 635 utcunque
726 571 1043 631 restituendis,
1090 572 1252 634 credo,
1295 573 1510 634 fatebris,
1553 574 1625 621 Te

220 647 362 708 „milii
389 646 597 696 nonnihil
628 645 809 693 dehere.
886 646 1054 711 Neque
1096 650 1216 695 enim
1241 649 1346 713 quia
1378 649 1455 694 Tu
1482 650 1626 697 multa

220 723 428 787 „absque
459 722 711 779 offensione
750 713 898 786 legis,
939 722 1110 770 idcirco
1151 724 1296 772 codex
1319 725 1484 788 planus
1508 734 1627 773 erat:

218 801 343 859 „imo
381 798 495 847 nihil
535 804 630 845 erat
663 814 758 849 non
796 798 1121 862 depravatum,
1171 801 1218 846 in
1256 801 1451 865 singulis
1483 818 1629 865 paene

220 873 408 935 „verbis
438 871 724 928 haerebatur.
785 873 1077 924 Fatehuntur
1103 894 1175 923 1110
1199 894 1308 923 vera
1344 876 1494 923 dicere
1529 877 1628 941 qui·

219 967 437 1013 „cunque
472 956 702 1001 vetustum
739 949 941 996 codicem
963 953 1277 1015 inspexerint,
1319 953 1397 1016 qui
1429 953 1475 999 in
1494 952 1626 1002 Mur·

218 1025 436 1087 „bacensi
457 1024 737 1073 bibliotheca
753 1027 906 1074 adhuc
920 1025 971 1090 *)
996 1035 1272 1074 asservatur.
1323 1027 1530 1074 Proinde
1555 1044 1627 1074 co·

216 1103 348 1166 „gita
372 1102 556 1164 quantis
575 1102 687 1150 mihi
707 1101 877 1165 vigiliis
901 1104 1158 1150 constiterit
1175 1103 1289 1150 haec
1312 1103 1462 1167 qualis
1479 1103 1629 1168 qualis

217 1176 629 1243 ,‚castigatio‘⁶**).
692 1179 826 1239 Quae
847 1180 925 1242 qui
951 1177 1066 1242 legit
1087 1196 1180 1225 non
1212 1178 1426 1242 negabit,
1449 1181 1630 1242 opinor,

216 1252 432 1311 Rhenani
470 1253 682 1301 inanibus
720 1253 877 1300 tritum
918 1270 1018 1299 esse
1056 1255 1207 1318 ipsum
1249 1253 1454 1301 codicem
1497 1254 1630 1302 Mur-

218 1328 475 1383 baccnsem.
558 1329 699 1390 Quod
727 1347 870 1393 quum
906 1330 971 1375 ita
1010 1329 1094 1388 sit,
1132 1328 1387 1376 Rhenanus
1427 1329 1631 1386 codicem

216 1406 316 1469 ipse
350 1422 433 1451 sua
463 1423 600 1451 manu
635 1405 935 1468 descripsisse
960 1403 1169 1464 videtur,
1205 1405 1284 1451 illo
1313 1405 1443 1451 amici
1477 1422 1630 1451 exem-

216 1481 294 1545 plo
338 1481 522 1527 omnino
574 1481 788 1545 seposito.
874 1479 1042 1544 Neque
1082 1482 1202 1528 enim
1252 1508 1315 1514 --
1354 1488 1406 1526 ut
1443 1481 1533 1527 iam
1572 1479 1632 1528 ad

219 1556 413 1603 alterum
460 1556 728 1604 accedamus
779 1556 1103 1620 argumentum
1153 1582 1228 1600 -.--
1278 1555 1496 1603 credibile
1544 1563 1631 1617 est,

218 1632 413 1679 Beatum
452 1632 685 1695 exemplar
722 1631 838 1677 illud
875 1631 1121 1679 infeliciter
1159 1631 1441 1695 descriptum
1482 1649 1633 1680 emen-

219 1707 352 1755 dasse
390 1716 570 1755 tantum
611 1716 656 1755 et
704 1725 806 1754 011111
844 1707 944 1770 ipso
984 1708 1143 1754 codice
1184 1715 1497 1772 comparatum
1541 1706 1632 1754 edi·

219 1783 354 1831 disse.
398 1781 399 1784 ¹
448 1783 768 1848 Quinquennii
815 1784 1012 1846 spatium
1058 1784 1371 1847 (exspectavit
1414 1784 1536 1842 enim
1574 1781 1632 1831 ab

219 1876 339 1906 anno
381 1861 561 1911 circiter
602 1857 743 1907 1515
790 1875 939 1922 usque
986 1858 1045 1905 ad
1083 1877 1253 1906 annum
1290 1856 1462 1920 1520)
1507 1857 1633 1905 Rhe-

219 1952 389 1987 nanum
436 1935 672 2000 impulisse
717 1933 923 1994 videtur,
975 1941 1026 1981 ut
1063 1962 1127 1969 —
1169 1934 1295 1999 quod
1346 1933 1494 1982 seduli
1532 1933 1635 1997 ‹iili-

221 2012 465 2075 gentisque
501 2010 711 2067 Editoris
748 2011 934 2056 omnino
969 2017 1091 2056 esset
1119 2038 1183 2044 —-
1218 2027 1349 2057 suam
1388 2011 1486 2074 ipse
1529 2026 1637 2073 ope-

220 2102 319 2142 ram
360 2088 408 2132 in
442 2104 563 2134 novo
603 2085 814 2151 exemplo
852 2092 1001 2132 manu'
1029 2085 1259 2133 exarando
1299 2084 1558 2135 collocaret.

330 2184 399 2234 At
431 2190 693 2251 quaeritur,
741 2188 822 2235 ubi
860 2206 1147 2236 commorans
1185 2189 1441 2237 Rhenanus
1480 2186 1637 2235 codice

221 2261 524 2312 Murbacensi
562 2282 674 2311 usus
717 2265 879 2312 fuerit:
922 2272 1076 2311 utrum
1115 2264 1360 2325 Murhaci‚
1400 2281 1458 2310 an
1497 2262 1638 2309 alibi?

302 2410 336 2457 ⁸)
383 2411 519 2444 Parum
554 2415 720 2446 accurato
758 2414 849 2447 haec
882 2411 1016 2456 scripta
1049 2415 1140 2445 sunt.
1197 2410 1341 2444 Etenim
1373 2421 1417 2443 ne
1449 2414 1528 2444 tum
1562 2408 1640 2454 qui-

385 2466 467 2499 dem
503 2478 611 2510 quum
651 2467 743 2500 hacc
777 2467 873 2512 typis
909 2477 1037 2501 excusa
1066 2468 1187 2508 erant,
1225 2467 1440 2500 Μαι-1111011111
1469 2465 1639 2499 remissus

386 2524 465 2554 erat
496 2523 626 2564 codex,
660 2522 722 2556 scd
754 2522 925 2557 Basileae
963 2525 1041 2556 erat
1069 2522 1105 2555 in
1141 2521 1289 2555 aedibus
1318 2520 1508 2564 Frobenii,
1546 2513 1639 2554 unde

384 2575 553 2609 Burerius
595 2588 698 2618 cum,
749 2580 789 2610 ut
827 2577 1001 2620 diximus,
1047 2587 1169 2610 80011111
1211 2578 1356 2611 domum
1398 2579 1641 2620 comportasse

387 2632 585 2674 profitetur.
641 2631 809 2665 Rhenani
839 2633 951 2666 menti
981 2633 1241 2666 obversabatur
1265 2636 1405 2677 tempus
1430 2631 1539 2673 illud,
1571 2640 1642 2675 quo

385 2686 498 2720 lector
528 2685 662 2719 librum
690 2685 904 2730 impressum
931 2687 968 2721 in
993 2688 1159 2722 manibus
1184 2683 1376 2723 habiturus
1406 2688 1510 2721 esset.

296 2755 342 2798 ⁰)
388 2755 465 2791 Via.
494 2755 558 2789 Ed.
584 2767 635 2799 pr.
665 2767 699 2798 p.
722 2755 783 2794 70.
