<?xml version="1.0" encoding="UTF-8"?>
<!DOCTYPE html PUBLIC "-//W3C//DTD XHTML 1.0 Transitional//EN"
    "http://www.w3.org/TR/xhtml1/DTD/xhtml1-transitional.dtd">
<html xmlns="http://www.w3.org/1999/xhtml" xml:lang="en" lang="en">
 <head>
  <title>
</title>
<meta http-equiv="Content-Type" content="text/html;charset=utf-8" />
  <meta name='ocr-system' content='tesseract 3.04.00' />
  <meta name='ocr-capabilities' content='ocr_page ocr_carea ocr_par ocr_line ocrx_word'/>
</head>
<body>
  <div class='ocr_page' id='page_1' title='image "./locivelleianiine00lauruoft_0013.png"; bbox 0 0 1715 3117; ppageno 0'>
   <div class='ocr_carea' id='block_1_1' title="bbox 1398 229 1448 266">
    <p class='ocr_par' dir='ltr' id='par_1_1' title="bbox 1398 229 1448 266">
     <span class='ocr_line' id='line_1_1' title="bbox 1398 229 1448 266; baseline 0.08 -4"><span class='ocrx_word' id='word_1_1' title='bbox 1398 229 1448 266; x_wconf 78' lang='lat' dir='ltr'><strong>IX</strong></span> 
     </span>
    </p>
   </div>
   <div class='ocr_carea' id='block_1_2' title="bbox 10 331 1455 2353">
    <p class='ocr_par' dir='ltr' id='par_1_2' title="bbox 10 331 1455 2353">
     <span class='ocr_line' id='line_1_2' title="bbox 51 331 1448 400; baseline 0.004 -19"><span class='ocrx_word' id='word_1_2' title='bbox 51 333 250 396; x_wconf 87' lang='lat' dir='ltr'><strong>scripta,</strong></span> <span class='ocrx_word' id='word_1_3' title='bbox 296 333 466 395; x_wconf 79' lang='lat' dir='ltr'><strong>pagina</strong></span> <span class='ocrx_word' id='word_1_4' title='bbox 519 331 661 379; x_wconf 85' lang='lat' dir='ltr'><strong>altera</strong></span> <span class='ocrx_word' id='word_1_5' title='bbox 713 336 923 397; x_wconf 83' lang='lat' dir='ltr'><strong>exposuit</strong></span> <span class='ocrx_word' id='word_1_6' title='bbox 976 335 1240 385; x_wconf 85' lang='lat' dir='ltr'><strong>Rhenanus.</strong></span> <span class='ocrx_word' id='word_1_7' title='bbox 1329 340 1448 400; x_wconf 84' lang='lat' dir='ltr'><strong>Qui:</strong></span> 
     </span>
     <span class='ocr_line' id='line_1_3' title="bbox 52 407 1448 478; baseline 0.006 -24"><span class='ocrx_word' id='word_1_8' title='bbox 52 407 350 471; x_wconf 82' lang='lat' dir='ltr'><strong>„Equidem,</strong></span> <span class='ocrx_word' id='word_1_9' title='bbox 382 408 546 472; x_wconf 82' lang='lat' dir='ltr'><strong>inquit,</strong></span> <span class='ocrx_word' id='word_1_10' title='bbox 591 407 756 455; x_wconf 82' lang='lat' dir='ltr'>abhinc</span> <span class='ocrx_word' id='word_1_11' title='bbox 798 427 957 469; x_wconf 90' lang='lat' dir='ltr'><strong>annos,</strong></span> <span class='ocrx_word' id='word_1_12' title='bbox 997 420 1046 457; x_wconf 93' lang='lat' dir='ltr'><strong>ut</strong></span> <span class='ocrx_word' id='word_1_13' title='bbox 1084 422 1206 474; x_wconf 88' lang='lat' dir='ltr'><strong>puto,</strong></span> <span class='ocrx_word' id='word_1_14' title='bbox 1246 417 1448 478; x_wconf 78' lang='lat' dir='ltr'><strong>quinque</strong></span> 
     </span>
     <span class='ocr_line' id='line_1_4' title="bbox 51 482 1449 548; baseline 0.006 -19"><span class='ocrx_word' id='word_1_15' title='bbox 51 501 199 548; x_wconf 83' lang='lat' dir='ltr'><strong>„cum</strong></span> <span class='ocrx_word' id='word_1_16' title='bbox 241 483 439 545; x_wconf 86' lang='lat' dir='ltr'><strong>primum</strong></span> <span class='ocrx_word' id='word_1_17' title='bbox 488 482 610 530; x_wconf 88' lang='lat' dir='ltr'><strong>hune</strong></span> <span class='ocrx_word' id='word_1_18' title='bbox 659 483 927 546; x_wconf 88' lang='lat' dir='ltr'><strong>(codicem)</strong></span> <span class='ocrx_word' id='word_1_19' title='bbox 967 486 1012 530; x_wconf 89' lang='lat' dir='ltr'><strong>in</strong></span> <span class='ocrx_word' id='word_1_20' title='bbox 1050 486 1343 537; x_wconf 82' lang='lat' dir='ltr'><strong>Murbaecnsi</strong></span> <span class='ocrx_word' id='word_1_21' title='bbox 1382 490 1449 537; x_wconf 88' lang='lat' dir='ltr'><strong>bi-</strong></span> 
     </span>
     <span class='ocr_line' id='line_1_5' title="bbox 50 557 1450 628; baseline 0.006 -24"><span class='ocrx_word' id='word_1_22' title='bbox 50 557 323 624; x_wconf 80' lang='lat' dir='ltr'><strong>„hliotheea</strong></span> <span class='ocrx_word' id='word_1_23' title='bbox 370 559 665 622; x_wconf 88' lang='lat' dir='ltr'><strong>reperissem,</strong></span> <span class='ocrx_word' id='word_1_24' title='bbox 716 566 759 605; x_wconf 91' lang='lat' dir='ltr'><strong>et</strong></span> <span class='ocrx_word' id='word_1_25' title='bbox 805 560 1007 606; x_wconf 78' lang='lat' dir='ltr'><strong>viderem</strong></span> <span class='ocrx_word' id='word_1_26' title='bbox 1056 569 1142 606; x_wconf 85' lang='lat' dir='ltr'><strong>tam</strong></span> <span class='ocrx_word' id='word_1_27' title='bbox 1190 564 1450 628; x_wconf 78' lang='lat' dir='ltr'><strong>prodigiose</strong></span> 
     </span>
     <span class='ocr_line' id='line_1_6' title="bbox 10 634 1449 698; baseline 0.006 -19"><span class='ocrx_word' id='word_1_28' title='bbox 10 690 19 695; x_wconf 23' lang='grc' dir='ltr'><strong><em>μ</em></strong></span> <span class='ocrx_word' id='word_1_29' title='bbox 51 642 360 698; x_wconf 83' lang='lat' dir='ltr'><strong>„corruptum</strong></span> <span class='ocrx_word' id='word_1_30' title='bbox 373 669 388 694; x_wconf 84' lang='lat'><strong>,</strong></span> <span class='ocrx_word' id='word_1_31' title='bbox 426 641 478 679; x_wconf 94' lang='lat' dir='ltr'><strong>ut</strong></span> <span class='ocrx_word' id='word_1_32' title='bbox 515 634 663 680; x_wconf 85' lang='lat' dir='ltr'><strong>omnia</strong></span> <span class='ocrx_word' id='word_1_33' title='bbox 703 637 945 681; x_wconf 80' lang='lat' dir='ltr'><strong>restituere</strong></span> <span class='ocrx_word' id='word_1_34' title='bbox 981 652 1073 682; x_wconf 90' lang='lat' dir='ltr'><strong>non</strong></span> <span class='ocrx_word' id='word_1_35' title='bbox 1114 637 1231 683; x_wconf 83' lang='lat' dir='ltr'><strong>soret</strong></span> <span class='ocrx_word' id='word_1_36' title='bbox 1268 638 1449 686; x_wconf 89' lang='lat' dir='ltr'><strong>humani</strong></span> 
     </span>
     <span class='ocr_line' id='line_1_7' title="bbox 49 708 1450 780; baseline -0.001 -26"><span class='ocrx_word' id='word_1_37' title='bbox 49 710 289 773; x_wconf 74' lang='lat' dir='ltr'><strong>„iugc-nii,</strong></span> <span class='ocrx_word' id='word_1_38' title='bbox 332 717 639 774; x_wconf 80' lang='lat' dir='ltr'><strong>properanter</strong></span> <span class='ocrx_word' id='word_1_39' title='bbox 677 726 733 755; x_wconf 80' lang='lat' dir='ltr'><strong>ac</strong></span> <span class='ocrx_word' id='word_1_40' title='bbox 770 708 1016 772; x_wconf 79' lang='lat' dir='ltr'><strong>infeliciter</strong></span> <span class='ocrx_word' id='word_1_41' title='bbox 1056 713 1114 758; x_wconf 85' lang='lat' dir='ltr'><strong>ab</strong></span> <span class='ocrx_word' id='word_1_42' title='bbox 1152 714 1298 759; x_wconf 82' lang='lat' dir='ltr'><strong>amico</strong></span> <span class='ocrx_word' id='word_1_43' title='bbox 1344 733 1450 780; x_wconf 68' lang='lat' dir='ltr'><strong>quo-</strong></span> 
     </span>
     <span class='ocr_line' id='line_1_8' title="bbox 48 784 1450 849; baseline 0.004 -18"><span class='ocrx_word' id='word_1_44' title='bbox 48 787 202 849; x_wconf 82' lang='lat' dir='ltr'><strong>„dam</strong></span> <span class='ocrx_word' id='word_1_45' title='bbox 239 787 512 849; x_wconf 75' lang='lat' dir='ltr'><strong>descriptum</strong></span> <span class='ocrx_word' id='word_1_46' title='bbox 550 784 848 848; x_wconf 88' lang='lat' dir='ltr'><strong>premendum</strong></span> <span class='ocrx_word' id='word_1_47' title='bbox 883 785 1018 848; x_wconf 89' lang='lat' dir='ltr'><strong>plane</strong></span> <span class='ocrx_word' id='word_1_48' title='bbox 1062 787 1328 847; x_wconf 81' lang='lat' dir='ltr'><strong>censebam,</strong></span> <span class='ocrx_word' id='word_1_49' title='bbox 1374 789 1450 836; x_wconf 86' lang='lat' dir='ltr'><strong>do·</strong></span> 
     </span>
     <span class='ocr_line' id='line_1_9' title="bbox 47 859 1451 927; baseline 0.004 -21"><span class='ocrx_word' id='word_1_50' title='bbox 47 877 174 924; x_wconf 84' lang='lat' dir='ltr'><strong>„nec</strong></span> <span class='ocrx_word' id='word_1_51' title='bbox 203 859 414 914; x_wconf 60' lang='lat' dir='ltr'><strong>,melioris</strong></span> <span class='ocrx_word' id='word_1_52' title='bbox 459 859 593 907; x_wconf 89' lang='lat' dir='ltr'><strong>nobis</strong></span> <span class='ocrx_word' id='word_1_53' title='bbox 633 859 803 907; x_wconf 87' lang='lat' dir='ltr'><strong>codicis</strong></span> <span class='ocrx_word' id='word_1_54' title='bbox 842 861 973 908; x_wconf 87' lang='lat' dir='ltr'><strong>fieret</strong></span> <span class='ocrx_word' id='word_1_55' title='bbox 1012 864 1161 925; x_wconf 86' lang='lat' dir='ltr'><strong>copia,</strong></span> <span class='ocrx_word' id='word_1_56' title='bbox 1205 881 1340 927; x_wconf 88' lang='lat' dir='ltr'><strong>quem</strong></span> <span class='ocrx_word' id='word_1_57' title='bbox 1379 881 1451 912; x_wconf 86' lang='lat' dir='ltr'><strong>ac-</strong></span> 
     </span>
     <span class='ocr_line' id='line_1_10' title="bbox 48 934 1454 998; baseline 0.002 -16"><span class='ocrx_word' id='word_1_58' title='bbox 48 952 300 998; x_wconf 87' lang='lat' dir='ltr'><strong>„ceperam</strong></span> <span class='ocrx_word' id='word_1_59' title='bbox 347 934 505 982; x_wconf 87' lang='lat' dir='ltr'><strong>haberi</strong></span> <span class='ocrx_word' id='word_1_60' title='bbox 555 935 821 982; x_wconf 82' lang='lat' dir='ltr'><strong>Mediolani.</strong></span> <span class='ocrx_word' id='word_1_61' title='bbox 898 937 1074 984; x_wconf 80' lang='lat' dir='ltr'><strong>verum</strong></span> <span class='ocrx_word' id='word_1_62' title='bbox 1123 937 1233 983; x_wconf 86' lang='lat' dir='ltr'><strong>dum</strong></span> <span class='ocrx_word' id='word_1_63' title='bbox 1282 938 1454 985; x_wconf 87' lang='lat' dir='ltr'><strong>frustra</strong></span> 
     </span>
     <span class='ocr_line' id='line_1_11' title="bbox 48 1011 1454 1074; baseline 0.004 -19"><span class='ocrx_word' id='word_1_64' title='bbox 48 1011 178 1074; x_wconf 86' lang='lat' dir='ltr'><strong>„iam</strong></span> <span class='ocrx_word' id='word_1_65' title='bbox 226 1019 320 1058; x_wconf 85' lang='lat' dir='ltr'><strong>tres</strong></span> <span class='ocrx_word' id='word_1_66' title='bbox 366 1027 510 1057; x_wconf 84' lang='lat' dir='ltr'><strong>annos</strong></span> <span class='ocrx_word' id='word_1_67' title='bbox 564 1018 884 1074; x_wconf 83' lang='lat' dir='ltr'><strong>expectamus,</strong></span> <span class='ocrx_word' id='word_1_68' title='bbox 933 1012 1112 1058; x_wconf 83' lang='lat' dir='ltr'><strong>interim</strong></span> <span class='ocrx_word' id='word_1_69' title='bbox 1166 1012 1454 1061; x_wconf 87' lang='lat' dir='ltr'><strong>doctissimus</strong></span> 
     </span>
     <span class='ocr_line' id='line_1_12' title="bbox 48 1086 1453 1150; baseline 0.002 -18"><span class='ocrx_word' id='word_1_70' title='bbox 48 1087 289 1150; x_wconf 84' lang='lat' dir='ltr'><strong>„quisque</strong></span> <span class='ocrx_word' id='word_1_71' title='bbox 324 1103 499 1132; x_wconf 90' lang='lat' dir='ltr'><strong>mecum</strong></span> <span class='ocrx_word' id='word_1_72' title='bbox 538 1086 821 1148; x_wconf 84' lang='lat' dir='ltr'><strong>expostulat,</strong></span> <span class='ocrx_word' id='word_1_73' title='bbox 861 1103 944 1133; x_wconf 88' lang='lat' dir='ltr'><strong>cur</strong></span> <span class='ocrx_word' id='word_1_74' title='bbox 981 1095 1072 1133; x_wconf 91' lang='lat' dir='ltr'><strong>tam</strong></span> <span class='ocrx_word' id='word_1_75' title='bbox 1108 1087 1336 1150; x_wconf 81' lang='lat' dir='ltr'><strong>insignem</strong></span> <span class='ocrx_word' id='word_1_76' title='bbox 1376 1107 1453 1135; x_wconf 88' lang='lat' dir='ltr'><strong>au·</strong></span> 
     </span>
     <span class='ocr_line' id='line_1_13' title="bbox 48 1161 1452 1223; baseline 0.004 -17"><span class='ocrx_word' id='word_1_77' title='bbox 48 1168 238 1223; x_wconf 84' lang='lat' dir='ltr'><strong>„torem</strong></span> <span class='ocrx_word' id='word_1_78' title='bbox 268 1161 484 1207; x_wconf 83' lang='lat' dir='ltr'><strong>studiosis</strong></span> <span class='ocrx_word' id='word_1_79' title='bbox 520 1162 856 1208; x_wconf 86' lang='lat' dir='ltr'><strong>communicare</strong></span> <span class='ocrx_word' id='word_1_80' title='bbox 886 1161 1060 1207; x_wconf 84' lang='lat' dir='ltr'><strong>tamdiu</strong></span> <span class='ocrx_word' id='word_1_81' title='bbox 1083 1161 1301 1210; x_wconf 79' lang='lat' dir='ltr'><strong>differam.</strong></span> <span class='ocrx_word' id='word_1_82' title='bbox 1353 1162 1452 1211; x_wconf 88' lang='lat' dir='ltr'><strong>Ad-</strong></span> 
     </span>
     <span class='ocr_line' id='line_1_14' title="bbox 48 1235 1455 1297; baseline 0.004 -16"><span class='ocrx_word' id='word_1_83' title='bbox 48 1236 207 1297; x_wconf 84' lang='lat' dir='ltr'><strong>„dunt</strong></span> <span class='ocrx_word' id='word_1_84' title='bbox 246 1236 448 1283; x_wconf 84' lang='lat' dir='ltr'><strong>convicia</strong></span> <span class='ocrx_word' id='word_1_85' title='bbox 488 1235 700 1297; x_wconf 84' lang='lat' dir='ltr'><strong>quidam,</strong></span> <span class='ocrx_word' id='word_1_86' title='bbox 739 1235 1014 1295; x_wconf 82' lang='lat' dir='ltr'><strong>dictitantes,</strong></span> <span class='ocrx_word' id='word_1_87' title='bbox 1054 1236 1182 1281; x_wconf 88' lang='lat' dir='ltr'><strong>illum</strong></span> <span class='ocrx_word' id='word_1_88' title='bbox 1217 1239 1262 1282; x_wconf 92' lang='lat' dir='ltr'><strong>in</strong></span> <span class='ocrx_word' id='word_1_89' title='bbox 1302 1238 1390 1286; x_wconf 86' lang='lat' dir='ltr'><strong>hoc</strong></span> <span class='ocrx_word' id='word_1_90' title='bbox 1428 1256 1455 1285; x_wconf 89' lang='lat' dir='ltr'><strong>a</strong></span> 
     </span>
     <span class='ocr_line' id='line_1_15' title="bbox 47 1309 1454 1378; baseline 0.001 -20"><span class='ocrx_word' id='word_1_91' title='bbox 47 1330 161 1373; x_wconf 86' lang='lat' dir='ltr'><strong>„me</strong></span> <span class='ocrx_word' id='word_1_92' title='bbox 197 1312 370 1374; x_wconf 91' lang='lat' dir='ltr'><strong>premi,</strong></span> <span class='ocrx_word' id='word_1_93' title='bbox 410 1318 461 1356; x_wconf 85' lang='lat' dir='ltr'><strong>ut</strong></span> <span class='ocrx_word' id='word_1_94' title='bbox 490 1309 596 1355; x_wconf 89' lang='lat' dir='ltr'><strong>olim</strong></span> <span class='ocrx_word' id='word_1_95' title='bbox 628 1310 826 1356; x_wconf 90' lang='lat' dir='ltr'><strong>alienum</strong></span> <span class='ocrx_word' id='word_1_96' title='bbox 865 1327 979 1373; x_wconf 90' lang='lat' dir='ltr'><strong>opus</strong></span> <span class='ocrx_word' id='word_1_97' title='bbox 1015 1318 1244 1375; x_wconf 85' lang='lat' dir='ltr'><strong>tamquam</strong></span> <span class='ocrx_word' id='word_1_98' title='bbox 1283 1314 1454 1378; x_wconf 75' lang='lat' dir='ltr'><strong>ingenii</strong></span> 
     </span>
     <span class='ocr_line' id='line_1_16' title="bbox 47 1384 1453 1448; baseline 0.003 -16"><span class='ocrx_word' id='word_1_99' title='bbox 47 1387 176 1448; x_wconf 88' lang='lat' dir='ltr'><strong>„mei</strong></span> <span class='ocrx_word' id='word_1_100' title='bbox 216 1387 441 1432; x_wconf 86' lang='lat' dir='ltr'><strong>foeturam</strong></span> <span class='ocrx_word' id='word_1_101' title='bbox 478 1387 525 1430; x_wconf 91' lang='lat' dir='ltr'><strong>in</strong></span> <span class='ocrx_word' id='word_1_102' title='bbox 562 1384 797 1448; x_wconf 88' lang='lat' dir='ltr'><strong>publicum</strong></span> <span class='ocrx_word' id='word_1_103' title='bbox 832 1387 1046 1432; x_wconf 84' lang='lat' dir='ltr'><strong>emittam.</strong></span> <span class='ocrx_word' id='word_1_104' title='bbox 1094 1386 1297 1435; x_wconf 87' lang='lat' dir='ltr'><strong>Proinde</strong></span> <span class='ocrx_word' id='word_1_105' title='bbox 1333 1407 1453 1436; x_wconf 90' lang='lat' dir='ltr'><strong>nunc</strong></span> 
     </span>
     <span class='ocr_line' id='line_1_17' title="bbox 47 1461 1451 1525; baseline 0.003 -17"><span class='ocrx_word' id='word_1_106' title='bbox 47 1461 333 1522; x_wconf 86' lang='lat' dir='ltr'><strong>„aedidimus</strong></span> <span class='ocrx_word' id='word_1_107' title='bbox 357 1461 518 1524; x_wconf 81' lang='lat' dir='ltr'><strong>(sic)“</strong></span> <span class='ocrx_word' id='word_1_108' title='bbox 555 1468 599 1507; x_wconf 88' lang='lat' dir='ltr'><strong>et</strong></span> <span class='ocrx_word' id='word_1_109' title='bbox 621 1478 665 1524; x_wconf 87' lang='lat' dir='ltr'><strong>q.</strong></span> <span class='ocrx_word' id='word_1_110' title='bbox 691 1478 726 1507; x_wconf 91' lang='lat' dir='ltr'><strong>s.</strong></span> <span class='ocrx_word' id='word_1_111' title='bbox 809 1461 973 1525; x_wconf 88' lang='lat' dir='ltr'><strong>Itaque</strong></span> <span class='ocrx_word' id='word_1_112' title='bbox 1002 1461 1141 1508; x_wconf 83' lang='lat' dir='ltr'><strong>verba</strong></span> <span class='ocrx_word' id='word_1_113' title='bbox 1177 1463 1256 1508; x_wconf 89' lang='lat' dir='ltr'><strong>illa</strong></span> <span class='ocrx_word' id='word_1_114' title='bbox 1295 1467 1451 1523; x_wconf 79' lang='lat' dir='ltr'><strong>„eodi-</strong></span> 
     </span>
     <span class='ocr_line' id='line_1_18' title="bbox 46 1538 1452 1601; baseline -0.001 -14"><span class='ocrx_word' id='word_1_115' title='bbox 46 1557 142 1587; x_wconf 84' lang='lat' dir='ltr'><strong>cem</strong></span> <span class='ocrx_word' id='word_1_116' title='bbox 161 1562 226 1571; x_wconf 84' lang='lat'><strong>-—</strong></span> <span class='ocrx_word' id='word_1_117' title='bbox 264 1539 539 1600; x_wconf 76' lang='lat' dir='ltr'><strong>descriptum</strong></span> <span class='ocrx_word' id='word_1_118' title='bbox 577 1538 874 1601; x_wconf 80' lang='lat' dir='ltr'><strong>premendum</strong></span> <span class='ocrx_word' id='word_1_119' title='bbox 915 1539 1145 1584; x_wconf 80' lang='lat' dir='ltr'><strong>censebam</strong></span> <span class='ocrx_word' id='word_1_120' title='bbox 1155 1539 1186 1565; x_wconf 88' lang='lat'>“</span> <span class='ocrx_word' id='word_1_121' title='bbox 1228 1540 1274 1584; x_wconf 85' lang='grc' dir='ltr'><strong>ἰη</strong></span> <span class='ocrx_word' id='word_1_122' title='bbox 1315 1557 1452 1586; x_wconf 88' lang='lat' dir='ltr'><strong>causa</strong></span> 
     </span>
     <span class='ocr_line' id='line_1_19' title="bbox 47 1612 1450 1678; baseline 0.001 -18"><span class='ocrx_word' id='word_1_123' title='bbox 47 1612 171 1660; x_wconf 89' lang='lat' dir='ltr'><strong>haud</strong></span> <span class='ocrx_word' id='word_1_124' title='bbox 211 1612 347 1659; x_wconf 90' lang='lat' dir='ltr'><strong>dubie</strong></span> <span class='ocrx_word' id='word_1_125' title='bbox 377 1613 590 1671; x_wconf 85' lang='lat' dir='ltr'><strong>fuerunt,</strong></span> <span class='ocrx_word' id='word_1_126' title='bbox 630 1619 681 1657; x_wconf 90' lang='lat' dir='ltr'><strong>ut</strong></span> <span class='ocrx_word' id='word_1_127' title='bbox 722 1612 980 1675; x_wconf 85' lang='lat' dir='ltr'><strong>exemplum</strong></span> <span class='ocrx_word' id='word_1_128' title='bbox 1020 1612 1148 1669; x_wconf 86' lang='lat' dir='ltr'><strong>illud,</strong></span> <span class='ocrx_word' id='word_1_129' title='bbox 1187 1613 1232 1658; x_wconf 90' lang='lat' dir='ltr'><strong>in</strong></span> <span class='ocrx_word' id='word_1_130' title='bbox 1271 1622 1450 1678; x_wconf 82' lang='lat' dir='ltr'><strong>tempus</strong></span> 
     </span>
     <span class='ocr_line' id='line_1_20' title="bbox 46 1687 1450 1752; baseline 0 -16"><span class='ocrx_word' id='word_1_131' title='bbox 46 1697 223 1736; x_wconf 86' lang='lat' dir='ltr'><strong>tantum</strong></span> <span class='ocrx_word' id='word_1_132' title='bbox 262 1705 495 1752; x_wconf 85' lang='lat' dir='ltr'><strong>pressum,</strong></span> <span class='ocrx_word' id='word_1_133' title='bbox 531 1694 689 1749; x_wconf 88' lang='lat' dir='ltr'><strong>postea</strong></span> <span class='ocrx_word' id='word_1_134' title='bbox 728 1687 991 1751; x_wconf 67' lang='lat' dir='ltr'><strong>typothetae</strong></span> <span class='ocrx_word' id='word_1_135' title='bbox 1027 1687 1240 1734; x_wconf 81' lang='lat' dir='ltr'><strong>traditum</strong></span> <span class='ocrx_word' id='word_1_136' title='bbox 1284 1697 1450 1736; x_wconf 90' lang='lat' dir='ltr'><strong>statue-</strong></span> 
     </span>
     <span class='ocr_line' id='line_1_21' title="bbox 46 1761 1450 1826; baseline 0.001 -15"><span class='ocrx_word' id='word_1_137' title='bbox 46 1766 140 1811; x_wconf 86' lang='lat' dir='ltr'><strong>rint</strong></span> <span class='ocrx_word' id='word_1_138' title='bbox 161 1764 268 1812; x_wconf 82' lang='lat' dir='ltr'><strong>VV.</strong></span> <span class='ocrx_word' id='word_1_139' title='bbox 303 1764 413 1810; x_wconf 89' lang='lat' dir='ltr'><strong>DD.</strong></span> <span class='ocrx_word' id='word_1_140' title='bbox 489 1761 586 1809; x_wconf 87' lang='lat' dir='ltr'><strong>Sed</strong></span> <span class='ocrx_word' id='word_1_141' title='bbox 605 1761 857 1808; x_wconf 85' lang='lat' dir='ltr'><strong>Rhenanus</strong></span> <span class='ocrx_word' id='word_1_142' title='bbox 898 1780 1039 1826; x_wconf 87' lang='lat' dir='ltr'><strong>quum</strong></span> <span class='ocrx_word' id='word_1_143' title='bbox 1082 1762 1201 1809; x_wconf 90' lang='lat' dir='ltr'><strong>dicat</strong></span> <span class='ocrx_word' id='word_1_144' title='bbox 1238 1781 1337 1811; x_wconf 85' lang='lat' dir='ltr'><strong>sese</strong></span> <span class='ocrx_word' id='word_1_145' title='bbox 1377 1781 1450 1811; x_wconf 87' lang='lat' dir='ltr'><strong>co·</strong></span> 
     </span>
     <span class='ocr_line' id='line_1_22' title="bbox 49 1837 1450 1902; baseline 0 -16"><span class='ocrx_word' id='word_1_146' title='bbox 49 1839 197 1888; x_wconf 88' lang='lat' dir='ltr'><strong>dicem</strong></span> <span class='ocrx_word' id='word_1_147' title='bbox 227 1839 503 1902; x_wconf 86' lang='lat' dir='ltr'><strong>descriptum</strong></span> <span class='ocrx_word' id='word_1_148' title='bbox 523 1837 762 1900; x_wconf 86' lang='lat' dir='ltr'><strong>pressisse,</strong></span> <span class='ocrx_word' id='word_1_149' title='bbox 798 1837 868 1884; x_wconf 91' lang='lat' dir='ltr'><strong>his</strong></span> <span class='ocrx_word' id='word_1_150' title='bbox 887 1837 1039 1884; x_wconf 87' lang='lat' dir='ltr'><strong>verbis</strong></span> <span class='ocrx_word' id='word_1_151' title='bbox 1074 1854 1164 1882; x_wconf 90' lang='lat' dir='ltr'><strong>non</strong></span> <span class='ocrx_word' id='word_1_152' title='bbox 1194 1840 1450 1900; x_wconf 84' lang='lat' dir='ltr'><strong>profitetur,</strong></span> 
     </span>
     <span class='ocr_line' id='line_1_23' title="bbox 49 1911 1449 1980; baseline -0.002 -17"><span class='ocrx_word' id='word_1_153' title='bbox 49 1932 150 1962; x_wconf 89' lang='lat' dir='ltr'><strong>sese</strong></span> <span class='ocrx_word' id='word_1_154' title='bbox 175 1923 335 1980; x_wconf 89' lang='lat' dir='ltr'><strong>postea</strong></span> <span class='ocrx_word' id='word_1_155' title='bbox 364 1911 682 1978; x_wconf 75' lang='lat' dir='ltr'><strong>apographum</strong></span> <span class='ocrx_word' id='word_1_156' title='bbox 709 1912 823 1958; x_wconf 91' lang='lat' dir='ltr'><strong>illud</strong></span> <span class='ocrx_word' id='word_1_157' title='bbox 845 1914 967 1977; x_wconf 68' lang='lat' dir='ltr'><strong>typis</strong></span> <span class='ocrx_word' id='word_1_158' title='bbox 989 1912 1239 1959; x_wconf 82' lang='lat' dir='ltr'><strong>excudisse.</strong></span> <span class='ocrx_word' id='word_1_159' title='bbox 1300 1914 1449 1961; x_wconf 85' lang='lat' dir='ltr'><strong>Nobis</strong></span> 
     </span>
     <span class='ocr_line' id='line_1_24' title="bbox 49 1987 1450 2052; baseline -0.001 -15"><span class='ocrx_word' id='word_1_160' title='bbox 49 1989 171 2037; x_wconf 85' lang='lat' dir='ltr'><strong>enim</strong></span> <span class='ocrx_word' id='word_1_161' title='bbox 210 1998 255 2037; x_wconf 90' lang='lat' dir='ltr'><strong>et</strong></span> <span class='ocrx_word' id='word_1_162' title='bbox 291 1989 432 2036; x_wconf 87' lang='lat' dir='ltr'><strong>verba</strong></span> <span class='ocrx_word' id='word_1_163' title='bbox 470 1989 546 2034; x_wconf 86' lang='lat' dir='ltr'><strong>illa</strong></span> <span class='ocrx_word' id='word_1_164' title='bbox 577 1988 710 2033; x_wconf 88' lang='lat' dir='ltr'><strong>aliter</strong></span> <span class='ocrx_word' id='word_1_165' title='bbox 748 1987 1033 2051; x_wconf 83' lang='lat' dir='ltr'><strong>explicanda,</strong></span> <span class='ocrx_word' id='word_1_166' title='bbox 1072 1995 1116 2034; x_wconf 93' lang='lat' dir='ltr'><strong>et</strong></span> <span class='ocrx_word' id='word_1_167' title='bbox 1147 1988 1286 2035; x_wconf 87' lang='lat' dir='ltr'><strong>multa</strong></span> <span class='ocrx_word' id='word_1_168' title='bbox 1323 2006 1450 2052; x_wconf 88' lang='lat' dir='ltr'><strong>prae-</strong></span> 
     </span>
     <span class='ocr_line' id='line_1_25' title="bbox 47 2062 1451 2128; baseline -0.001 -15"><span class='ocrx_word' id='word_1_169' title='bbox 47 2073 173 2121; x_wconf 81' lang='lat' dir='ltr'><strong>terea</strong></span> <span class='ocrx_word' id='word_1_170' title='bbox 223 2072 490 2128; x_wconf 78' lang='lat' dir='ltr'><strong>argumenta</strong></span> <span class='ocrx_word' id='word_1_171' title='bbox 542 2064 590 2108; x_wconf 92' lang='lat' dir='ltr'><strong>in</strong></span> <span class='ocrx_word' id='word_1_172' title='bbox 637 2071 852 2125; x_wconf 90' lang='lat' dir='ltr'><strong>promptu</strong></span> <span class='ocrx_word' id='word_1_173' title='bbox 904 2079 1002 2109; x_wconf 88' lang='lat' dir='ltr'><strong>esse</strong></span> <span class='ocrx_word' id='word_1_174' title='bbox 1048 2062 1280 2122; x_wconf 74' lang='lat' dir='ltr'><strong>videntur,</strong></span> <span class='ocrx_word' id='word_1_175' title='bbox 1334 2082 1451 2128; x_wconf 86' lang='lat' dir='ltr'><strong>quae</strong></span> 
     </span>
     <span class='ocr_line' id='line_1_26' title="bbox 47 2137 1447 2203; baseline -0.001 -16"><span class='ocrx_word' id='word_1_176' title='bbox 47 2140 282 2203; x_wconf 82' lang='lat' dir='ltr'><strong>exemplar</strong></span> <span class='ocrx_word' id='word_1_177' title='bbox 317 2139 456 2197; x_wconf 80' lang='lat' dir='ltr'><strong>illud,</strong></span> <span class='ocrx_word' id='word_1_178' title='bbox 498 2137 621 2203; x_wconf 87' lang='lat' dir='ltr'><strong>quod</strong></span> <span class='ocrx_word' id='word_1_179' title='bbox 643 2137 896 2184; x_wconf 89' lang='lat' dir='ltr'><strong>Rhenanus</strong></span> <span class='ocrx_word' id='word_1_180' title='bbox 916 2146 1214 2201; x_wconf 87' lang='lat' dir='ltr'><strong>properanter</strong></span> <span class='ocrx_word' id='word_1_181' title='bbox 1253 2157 1305 2186; x_wconf 87' lang='lat' dir='ltr'><strong>ac</strong></span> <span class='ocrx_word' id='word_1_182' title='bbox 1336 2140 1447 2186; x_wconf 88' lang='lat' dir='ltr'><strong>infe·</strong></span> 
     </span>
     <span class='ocr_line' id='line_1_27' title="bbox 47 2212 1449 2277; baseline -0.001 -15"><span class='ocrx_word' id='word_1_183' title='bbox 47 2215 196 2262; x_wconf 85' lang='lat' dir='ltr'><strong>liciter</strong></span> <span class='ocrx_word' id='word_1_184' title='bbox 235 2214 292 2261; x_wconf 88' lang='lat' dir='ltr'><strong>ab</strong></span> <span class='ocrx_word' id='word_1_185' title='bbox 339 2215 484 2261; x_wconf 86' lang='lat' dir='ltr'><strong>amico</strong></span> <span class='ocrx_word' id='word_1_186' title='bbox 524 2212 721 2277; x_wconf 84' lang='lat' dir='ltr'><strong>quodam</strong></span> <span class='ocrx_word' id='word_1_187' title='bbox 763 2213 1041 2274; x_wconf 88' lang='lat' dir='ltr'><strong>descriptum</strong></span> <span class='ocrx_word' id='word_1_188' title='bbox 1079 2212 1219 2271; x_wconf 89' lang='lat' dir='ltr'><strong>dicit,</strong></span> <span class='ocrx_word' id='word_1_189' title='bbox 1266 2215 1449 2260; x_wconf 86' lang='lat' dir='ltr'><strong>Ioannis</strong></span> 
     </span>
     <span class='ocr_line' id='line_1_28' title="bbox 46 2287 1370 2353; baseline -0.002 -16"><span class='ocrx_word' id='word_1_190' title='bbox 46 2290 268 2337; x_wconf 88' lang='lat' dir='ltr'><strong>Frobenii</strong></span> <span class='ocrx_word' id='word_1_191' title='bbox 302 2291 453 2353; x_wconf 89' lang='lat' dir='ltr'><strong>operis</strong></span> <span class='ocrx_word' id='word_1_192' title='bbox 485 2287 703 2335; x_wconf 88' lang='lat' dir='ltr'><strong>traditum</strong></span> <span class='ocrx_word' id='word_1_193' title='bbox 737 2306 829 2333; x_wconf 90' lang='lat' dir='ltr'><strong>non</strong></span> <span class='ocrx_word' id='word_1_194' title='bbox 868 2305 967 2334; x_wconf 86' lang='lat' dir='ltr'><strong>csse</strong></span> <span class='ocrx_word' id='word_1_195' title='bbox 1006 2297 1370 2335; x_wconf 83' lang='lat' dir='ltr'><strong>commonstrent.</strong></span> 
     </span>
    </p>
   </div>
   <div class='ocr_carea' id='block_1_3' title="bbox 47 2409 1448 2773">
    <p class='ocr_par' dir='ltr' id='par_1_3' title="bbox 47 2409 1448 2773">
     <span class='ocr_line' id='line_1_29' title="bbox 166 2409 1448 2474; baseline -0.003 -16"><span class='ocrx_word' id='word_1_196' title='bbox 166 2412 378 2472; x_wconf 84' lang='lat' dir='ltr'><strong>Quorum</strong></span> <span class='ocrx_word' id='word_1_197' title='bbox 424 2412 621 2474; x_wconf 88' lang='lat' dir='ltr'><strong>primum</strong></span> <span class='ocrx_word' id='word_1_198' title='bbox 669 2416 766 2467; x_wconf 88' lang='lat' dir='ltr'><strong>est,</strong></span> <span class='ocrx_word' id='word_1_199' title='bbox 816 2409 940 2471; x_wconf 85' lang='lat' dir='ltr'><strong>quod</strong></span> <span class='ocrx_word' id='word_1_200' title='bbox 989 2411 1187 2472; x_wconf 87' lang='lat' dir='ltr'><strong>opinioni</strong></span> <span class='ocrx_word' id='word_1_201' title='bbox 1235 2410 1300 2455; x_wconf 85' lang='lat' dir='ltr'><strong>illi</strong></span> <span class='ocrx_word' id='word_1_202' title='bbox 1353 2412 1448 2472; x_wconf 89' lang='lat' dir='ltr'><strong>ipsa</strong></span> 
     </span>
     <span class='ocr_line' id='line_1_30' title="bbox 47 2484 1447 2548; baseline -0.002 -16"><span class='ocrx_word' id='word_1_203' title='bbox 47 2485 262 2533; x_wconf 88' lang='lat' dir='ltr'><strong>Rhenani</strong></span> <span class='ocrx_word' id='word_1_204' title='bbox 290 2486 428 2533; x_wconf 85' lang='lat' dir='ltr'><strong>verba</strong></span> <span class='ocrx_word' id='word_1_205' title='bbox 461 2502 649 2548; x_wconf 86' lang='lat' dir='ltr'><strong>prorsus</strong></span> <span class='ocrx_word' id='word_1_206' title='bbox 684 2484 994 2530; x_wconf 83' lang='lat' dir='ltr'><strong>adversantur.</strong></span> <span class='ocrx_word' id='word_1_207' title='bbox 1058 2484 1110 2530; x_wconf 87' lang='lat' dir='ltr'><strong>Si</strong></span> <span class='ocrx_word' id='word_1_208' title='bbox 1147 2486 1264 2530; x_wconf 77' lang='lat' dir='ltr'><strong>enini</strong></span> <span class='ocrx_word' id='word_1_209' title='bbox 1301 2502 1447 2530; x_wconf 79' lang='lat' dir='ltr'><strong>exem·</strong></span> 
     </span>
     <span class='ocr_line' id='line_1_31' title="bbox 50 2559 1446 2623; baseline -0.004 -16"><span class='ocrx_word' id='word_1_210' title='bbox 50 2561 151 2623; x_wconf 88' lang='lat' dir='ltr'><strong>plar</strong></span> <span class='ocrx_word' id='word_1_211' title='bbox 186 2561 299 2607; x_wconf 87' lang='lat' dir='ltr'><strong>illud</strong></span> <span class='ocrx_word' id='word_1_212' title='bbox 325 2563 372 2606; x_wconf 91' lang='lat' dir='ltr'><strong>in</strong></span> <span class='ocrx_word' id='word_1_213' title='bbox 408 2561 641 2606; x_wconf 81' lang='lat' dir='ltr'><strong>officinam</strong></span> <span class='ocrx_word' id='word_1_214' title='bbox 675 2560 897 2618; x_wconf 86' lang='lat' dir='ltr'><strong>misisset,</strong></span> <span class='ocrx_word' id='word_1_215' title='bbox 938 2559 1165 2621; x_wconf 78' lang='lat' dir='ltr'><strong>quomodo</strong></span> <span class='ocrx_word' id='word_1_216' title='bbox 1203 2559 1313 2605; x_wconf 84' lang='lat' dir='ltr'><strong>haec</strong></span> <span class='ocrx_word' id='word_1_217' title='bbox 1352 2567 1446 2620; x_wconf 85' lang='lat' dir='ltr'><strong>pot-</strong></span> 
     </span>
     <span class='ocr_line' id='line_1_32' title="bbox 51 2632 1445 2699; baseline -0.003 -18"><span class='ocrx_word' id='word_1_218' title='bbox 51 2644 148 2683; x_wconf 86' lang='lat' dir='ltr'><strong>erat</strong></span> <span class='ocrx_word' id='word_1_219' title='bbox 197 2638 442 2699; x_wconf 85' lang='lat' dir='ltr'><strong>conqueri:</strong></span> <span class='ocrx_word' id='word_1_220' title='bbox 499 2635 820 2694; x_wconf 73' lang='lat' dir='ltr'><strong>„curavimus</strong></span> <span class='ocrx_word' id='word_1_221' title='bbox 858 2642 1005 2680; x_wconf 84' lang='lat' dir='ltr'><strong>autem</strong></span> <span class='ocrx_word' id='word_1_222' title='bbox 1049 2652 1131 2679; x_wconf 91' lang='lat' dir='ltr'><strong>nos</strong></span> <span class='ocrx_word' id='word_1_223' title='bbox 1171 2634 1311 2679; x_wconf 82' lang='lat' dir='ltr'><strong>multa</strong></span> <span class='ocrx_word' id='word_1_224' title='bbox 1352 2632 1445 2677; x_wconf 72' lang='lat' dir='ltr'><strong>vul-</strong></span> 
     </span>
     <span class='ocr_line' id='line_1_33' title="bbox 49 2709 1443 2773; baseline -0.002 -17"><span class='ocrx_word' id='word_1_225' title='bbox 49 2727 192 2769; x_wconf 85' lang='lat' dir='ltr'><strong>„nera</strong></span> <span class='ocrx_word' id='word_1_226' title='bbox 230 2713 459 2773; x_wconf 78' lang='lat' dir='ltr'><strong>perfecte,</strong></span> <span class='ocrx_word' id='word_1_227' title='bbox 502 2709 721 2756; x_wconf 89' lang='lat' dir='ltr'><strong>nonnulla</strong></span> <span class='ocrx_word' id='word_1_228' title='bbox 761 2711 853 2769; x_wconf 82' lang='lat' dir='ltr'><strong>sic,</strong></span> <span class='ocrx_word' id='word_1_229' title='bbox 895 2715 944 2755; x_wconf 81' lang='lat' dir='ltr'><strong>ut</strong></span> <span class='ocrx_word' id='word_1_230' title='bbox 976 2710 1163 2756; x_wconf 82' lang='lat' dir='ltr'><strong>cicatrix</strong></span> <span class='ocrx_word' id='word_1_231' title='bbox 1200 2711 1443 2755; x_wconf 86' lang='lat' dir='ltr'><strong>etiamnum</strong></span> 
     </span>
    </p>
   </div>
  </div>
 </body>
</html>
