1715 3117
1404 224 1463 257 XV

174 336 341 402 Neque
381 335 547 395 aliter,
586 341 721 398 puto,
762 334 1052 382 iudicandum
1091 345 1159 383 est
1197 333 1254 382 de
1292 335 1465 381 voculis

63 413 128 460 ad
178 429 259 472 ea,
301 411 405 458 loco
455 409 592 457 modo
643 411 807 468 citato,
865 409 947 456 sed
993 426 1129 455 versu
1180 409 1250 458 24
1295 411 1466 474 positis.

34 485 319 534 *Rhenanus
364 486 480 550 legit
523 493 657 533 antea
700 493 745 531 et
796 494 846 533 at
893 503 975 543 ea,
1022 484 1241 531 Burerius
1294 494 1341 533 ut
1389 502 1468 546 θα,

63 560 404 610 Amen-bachius
440 577 574 609 vero:
622 561 786 609 altera.
867 558 1109 608 vocabula
1151 559 1320 607 Altera
1358 576 1469 624 pars

64 645 217 685 mente
254 635 575 699 coniungenda
614 643 721 682 sunt
759 651 863 682 cum
906 653 947 684 v.
987 652 1115 700 pars,
1157 635 1468 698 praecedentis

63 711 241 776 periodi
282 711 339 758 ab
378 712 505 758 initio
546 713 711 775 posim.

176 815 387 862 Tertium
427 814 552 878 quod
600 814 854 873 Rrausius,
906 829 998 878 quo
1038 813 1239 859 incuriae
1298 812 1472 859 incuset

64 890 360 950 Rhenanum,
383 890 534 949 affert,
567 889 737 953 legitur
773 889 801 934 l.
826 889 888 937 Π.
914 906 953 938 c.
967 886 1050 936 68.
1073 887 1150 945 §.4
1181 906 1227 952 p.
1243 885 1325 934 41.
1347 903 1390 936 v.
1406 884 1471 932 17

63 965 153 1012 Ed.
183 983 253 1030 pr.
341 962 409 1012 At
440 982 548 1012 vero
587 964 841 1011 Rhenanus
876 966 923 1011 in
962 965 1060 1026 ipso
1097 970 1312 1010 contextu
1351 961 1475 1009 dedit

65 1039 210 1089 Caese
246 1042 412 1101 etiam,
461 1039 519 1086 ad
570 1041 823 1104 marginem
879 1037 1153 1087 Sue-setium.
1248 1037 1474 1084 Burerius

65 1125 219 1163 autem
258 1133 363 1162 cum
406 1112 718 1162 Amerbachio
758 1114 904 1162 codici
945 1113 1152 1162 attribuit
1195 1111 1474 1175 Caesetium3

67 1207 181 1254 erg-o
222 1189 477 1237 Rhenanus
521 1207 579 1237 ne
622 1197 898 1253 assequutus
950 1188 1136 1253 quidem
1188 1197 1258 1235 est
1305 1187 1473 1235 codicis

67 1266 353 1329 scripturam.

177 1366 353 1413 Iniuria
399 1368 546 1431 igitur
582 1365 838 1414 Rhenanus
889 1365 1163 1429 „exemplar
1210 1366 1326 1414 illud
1370 1384 1474 1432 pro-

64 1449 283 1507 peranter
331 1441 390 1488 ad
438 1441 683 1489 infeliciter
734 1440 792 1488 ab
844 1441 987 1488 amieo
1035 1441 1234 1507 quodam
1272 1441 1454 1507 descrip

66 1518 208 1565 tum“
255 1517 442 1564 Ioannis
491 1516 712 1564 Frobenii
773 1517 926 1580 operis
985 1517 1227 1565 tradidisse
1274 1526 1472 1581 putatur.

66 1591 250 1653 Quodsi
305 1591 556 1652 concedas,
618 1591 753 1638 simul
802 1590 932 1638 dabis
985 1592 1122 1652 mihi,
1176 1590 1473 1640 AJnerbachii

66 1666 351 1730 exemplum,
388 1667 513 1732 quod
551 1675 596 1714 et
625 1669 776 1730 ipsum
811 1667 859 1712 in
897 1666 1129 1714 officinam
1161 1685 1251 1714 non
1282 1669 1474 1729 venerit,

65 1759 201 1806 posse
240 1741 425 1806 quidem
466 1742 587 1789 idem
637 1759 737 1789 esse
775 1759 878 1788 cum
927 1742 1176 1806 exemplari
1215 1742 1294 1790 illo
1336 1761 1474 1808 saepe

67 1825 446 1865 commemorato:
499 1816 745 1863 dummodo
792 1826 1095 1880 properanter
1137 1836 1189 1863 ac
1231 1818 1474 1866 infeliciter

66 1894 288 1956 scriptum
328 1892 417 1938 dici
467 1894 668 1956 potuerit
702 1890 942 1938 Rhenano.
1049 1892 1189 1953 Quod
1244 1894 1473 1959 quomodo

66 1966 380 2031 accipiendum
413 1969 473 2014 sit
512 1966 891 2014 demonstremus.

176 2069 569 2133 „Properanter“
627 2069 812 2133 quidem
862 2087 958 2116 rem
1005 2086 1135 2116 suam
1173 2070 1269 2134 egit
1308 2068 1473 2118 Amer-

67 2143 285 2206 bachius3
339 2145 504 2191 etenim
548 2146 737 2208 triginta
778 2145 972 2208 amplius
1018 2144 1133 2191 locis
1180 2145 1362 2209 singula
1401 2147 1475 2194 vel

67 2219 303 2283 complura
342 2221 476 2265 etiam
516 2218 684 2266 codicis
723 2219 864 2267 verba
904 2219 1056 2266 omisit
1080 2218 1145 2282 *).
1236 2221 1358 2267 Sunt
1396 2238 1473 2268 au-

67 2302 159 2341 tem
210 2293 277 2340 hi:
337 2311 445 2358 pag.
472 2292 554 2353 19,
592 2294 680 2356 195
731 2309 836 2358 pag.
862 2293 945 2354 17,
972 2294 1068 2355 195
1124 2312 1230 2358 pag.
1266 2295 1350 2354 26,
1381 2294 1476 2358 253

66 2385 174 2432 pag.
195 2367 283 2427 58,
305 2366 397 2430 19,
429 2367 632 2432 paga—41,
655 2367 719 2415 16
759 2368 872 2432 (cfr.
895 2387 1001 2433 pag.
1017 2368 1142 2432 44),
1183 2388 1286 2434 pag.
1310 2369 1395 2429 53,
1417 2370 1477 2432 73

66 2459 172 2506 pag.
202 2442 290 2502 60,
320 2441 413 2503 183
451 2458 556 2507 pag.
585 2443 669 2504 70,
691 2443 787 2505 263
836 2461 942 2508 pag.
969 2443 1054 2503 75,
1078 2443 1140 2505 53
1181 2463 1285 2509 pag.
1313 2444 1397 2504 77,
1419 2444 1475 2506 23

68 2534 173 2582 pag.
195 2517 280 2577 78,
307 2515 366 2580 23
414 2536 520 2582 pag.
547 2517 630 2578 79,
655 2517 750 2578 12,
800 2537 905 2583 pag.
927 2518 1012 2578 79,
1039 2518 1130 2580 133
1172 2537 1276 2584 pag.
1301 2519 1386 2579 87,
1415 2518 1473 2582 23

147 2678 180 2721 ⁸)
222 2679 275 2712 De
301 2679 385 2714 libri
412 2680 517 2725 primi
544 2680 719 2724 capitibus
750 2686 830 2714 octo
855 2682 1050 2726 prioribus,
1080 2683 1206 2716 ort-lm
1232 2696 1273 2716 υ(
1300 2682 1472 2715 sententia

229 2731 449 2770 inconsulto
474 2737 520 2769 ab
552 2736 793 2770 Amerinu-bio
819 2737 976 2775 omissis,
1008 2737 1077 2770 dixi
1105 2737 1136 2769 in
1164 2742 1245 2770 nom
1280 2737 1399 2780 pmii.
