1715 3117
176 216 222 251 w

181 329 406 393 „tingere
457 328 655 374 maxime
703 327 878 390 potuit,
927 343 1033 371 cum
1072 326 1285 372 sinuosos
1331 323 1470 372 hosce
1510 324 1609 372 lite·

183 422 379 465 „rarum
420 402 618 462 ductus,
666 403 817 449 varias
854 400 1128 447 inflexiones
1169 408 1214 447 et
1251 401 1392 447 miras
1437 401 1609 466 erispa-

185 482 377 540 „tiones
414 487 539 526 aetas
579 479 808 542 posterior
846 478 1176 540 ignoraverit.“

309 577 456 638 Cuius
487 579 688 623 incuriae
725 583 769 622 ct
797 575 1053 637 imperitiae
1079 591 1164 620 nos
1185 573 1369 637 quidem
1389 573 1611 637 imprimis

190 652 389 709 codicis,
441 655 520 716 qui
558 653 789 700 Velleium
840 651 1093 710 continuit,
1132 649 1459 697 Murbacensis
1499 650 1611 696 scri-

188 737 366 794 ptorem
416 727 742 791 postulandum
777 732 1004 789 putamus.
1104 726 1263 786 Quum
1321 734 1475 772 autem
1522 724 1611 772 hoc

190 805 289 852 solo
319 806 365 850 in
395 804 568 862 codiee,
613 820 761 867 eoque
795 802 992 866 perdito,
1033 802 1180 847 omnis
1223 818 1342 865 quae
1382 805 1504 848 ‘nune
1543 802 1610 847 in-

191 882 319 928 stitui
355 881 504 943 possit
541 878 649 925 libri
681 878 910 926 Velleiani
951 871 1106 946 κρίσις
1142 878 1392 938 innitatur,
1428 904 1493 910 —
1534 893 1611 924 ne-

193 973 320 1003 cesse
361 962 458 1014 est,
509 972 629 1000 unus
670 954 747 1000 ille
786 953 960 1002 Velleii
1007 952 1152 999 codex
1201 952 1351 999 denuo
1389 952 1523 1016 quasi
1565 953 1614 998 in

191 1031 340 1078 lucem
376 1030 667 1093 proferatur,
708 1029 1009 1093 eliciaturque
1045 1045 1139 1076 non
1188 1027 1337 1088 solum
1378 1027 1488 1092 quid
1529 1044 1614 1073 suo

193 1124 378 1170 quoque
427 1106 529 1153 loco
574 1106 796 1169 scriptum
842 1107 928 1163 sit,
991 1103 1072 1151 sed
1121 1104 1256 1150 etiam
1306 1104 1419 1169 q‘uid
1470 1102 1614 1150 scribi

194 1181 456 1241 debuisset,
511 1183 551 1228 si
604 1174 891 1249 ἀρχέτυπον
930 1179 1076 1242 probe
1116 1179 1310 1243 legisset
1348 1178 1614 1229 monachuS.

195 1258 319 1304 Huic
354 1259 498 1321 igitur
536 1257 603 1303 rei
635 1265 687 1303 ut
729 1274 814 1302 nos
852 1272 1039 1319 quoque
1078 1262 1282 1301 nostram
1321 1255 1614 1319 qualemcun-

198 1350 286 1396 que
325 1331 522 1396 opellam
555 1331 840 1391 dicaremus,
879 1339 1063 1377 ccntum
1098 1331 1293 1395 amplius
1334 1330 1462 1377 locos
1503 1329 1615 1389 Vel-

197 1408 370 1454 leianos
420 1407 522 1453 face
574 1409 732 1455 critica
772 1406 1072 1454 illustrandos
1113 1408 1413 1470 suscepimus.
1494 1405 1615 1452 Nam

199 1483 413 1529 librarius
468 1481 796 1531 Murbacensis
842 1482 1133 1545 singulorum
1182 1499 1319 1546 saepe
1366 1479 1616 1539 verborum

201 1566 334 1605 notas
373 1558 692 1621 diplomaticas
724 1557 842 1605 falso
870 1559 1226 1620 interpretatus,
1272 1570 1474 1614 monstra
1510 1572 1616 1621 pro-

202 1635 324 1682 fecto
364 1634 614 1682 verborum
633 1633 814 1687 Velleio
855 1632 1080 1693 obtrusit,
1124 1641 1169 1679 et
1199 1634 1384 1679 omnino
1417 1622 1517 1679 tam·
1546 1633 1615 1677 in-

204 1712 318 1757 scite
355 1719 400 1758 et
438 1718 530 1759 tam
570 1710 866 1775 negligenter
904 1708 1108 1756 codicem
1135 1708 1403 1772 descripsit,
1441 1713 1493 1764 ut
1524 1724 1617 1753 non

205 1786 301 1832 sine
341 1788 438 1833 veri
487 1788 639 1850 specie
678 1786 859 1833 Herelii
904 1803 961 1831 ex
1011 1786 1237 1831 sententia
1275 1783 1448 1830 librum
1487 1781 1618 1828 illum

206 1879 345 1907 manu
386 1862 666 1909 exarandum
717 1870 935 1924 tanquam
984 1877 1177 1923 poenam
1226 1859 1286 1906 ob
1325 1858 1618 1906 commissum

208 1936 424 1983 delictum
492 1937 712 1984 inflictam
788 1936 1107 2002 indignissime
1167 1935 1377 1982 videatur
1442 1932 1618 1980 tulisse.

208 2012 360 2073 Quam
410 2012 745 2061 inconsiderate
789 2012 1026 2076 negotium
1072 2029 1204 2058 suum
1255 2010 1427 2075 egerit,
1473 2026 1617 2054 unum

207 2105 294 2152 pro
315 2087 469 2134 multis
494 2088 755 2153 exemplum
781 2086 1062 2151 comprobet.
1144 2085 1291 2133 Libro
1315 2087 1382 2147 II,
1415 2081 1550 2131 c.28.
1570 2081 1618 2128 2.

210 2164 431 2225 scriptum
457 2164 656 2211 invenit:
698 2165 1145 2230 spolimusieranteo3
1181 2162 1285 2209 inde
1309 2163 1438 2209 fecit:
1469 2159 1618 2222 spolia

209 2240 529 2300 musici-anteo,
581 2258 720 2304 quum
752 2239 909 2303 legere
948 2237 1150 2285 deberet:
1188 2254 1366 2303 semper
1403 2234 1512 2282 olim
1551 2234 1624 2281 usi

210 2322 342 2361 erant
380 2332 446 2362 eo.

325 2411 640 2471 Quamobrem
700 2420 910 2459 notarum
971 2411 1166 2464 maxime
1215 2408 1622 2474 diplomaticarum,

211 2506 328 2551 quac
388 2487 540 2533 scriba
593 2487 670 2533 ille
709 2487 1034 2544 Murhaeensis
1097 2502 1338 2549 perperam
1391 2482 1624 2544 explicuit,

210 2564 404 2626 vestigia
434 2562 568 2608 nobis
595 2563 805 2609 duximus
837 2562 1173 2627 persequenda,
1198 2569 1249 2608 ut
1272 2560 1521 2625 genuinam
1536 2557 1624 2603 loci

210 2640 429 2702 cuiusque
501 2640 776 2701 scripturam
846 2655 1181 2684 revocaremus.
1278 2635 1376 2683 Sed
1437 2641 1627 2697 quaeret

209 2713 407 2763 sortasse
464 2714 716 2778 quispiam,
776 2729 999 2776 quasnam
1058 2711 1193 2758 nobis
1254 2711 1299 2756 in
1357 2708 1625 2757 restituendi
