1715 3117
1442 211 1502 257 75

507 560 594 596 vett·
606 561 652 605 11,
664 558 720 595 68.
737 559 769 599 ⁵.
793 540 826 612 ῥ.
837 519 896 596 ἐς).
920 562 971 597 ed.
984 563 1090 597 Oreu.

197 701 226 724 „
235 675 435 724 Notetur‚
468 676 684 716 immodica
712 697 762 706 -
789 674 981 716 libertate
1015 691 1108 717 usos
1140 678 1330 719 adversm·
1362 680 1504 722 Caesa.

84 757 171 784 rem
194 742 416 784 Marullum
446 767 495 774 -
524 743 772 798 Flauumque
805 743 1034 785 Caesetium
1065 769 1113 776 —
1143 761 1250 799 pene
1282 750 1360 787 vim
1385 751 1505 791 domi-

84 814 260 854 natione}
283 819 490 865 expertos.
549 810 598 850 In
622 811 698 851 Ιιοο
722 818 856 852 tamen
878 827 1003 865 saepe
1021 813 1203 854 lacessiti
1224 817 1419 868 principis·
1446 820 1506 857 ira

87 881 269 921 excessit
301 886 346 918 uc
379 880 562 918 censoria
584 880 724 931 potius
760 887 971 921 contentus
996 887 1095 921 nota
1118 895 1235 934 quam
1262 885 1507 924 animadver-

85 949 198 989 sione
222 948 445 988 dictatoria
470 955 734 987 summoveret
769 962 838 988 eos
865 962 891 988 a
920 949 1056 1003 Rep.“
1109 955 1174 989 Ed.
1201 967 1252 1000 pr.
1283 968 1315 1000 p.
1334 954 1398 993 41.

86 1123 347 1196 Dicuntur
395 1147 650 1195 adversarii
689 1149 757 1195 illi
796 1165 916 1214 pene
954 1149 1131 1213 experti
1166 1165 1261 1197 esse
1291 1152 1386 1199 vim
1422 1151 1505 1200 do-

86 1229 366 1276 minationis.
455 1226 612 1283 Quare
652 1245 801 1293 quum
841 1242 1060 1292 sequatur
1101 1231 1161 1275 In
1195 1232 1287 1276 Ιιοο
1323 1239 1505 1292 tamen,

86 1322 280 1373 propter
303 1308 396 1354 hoc
422 1309 575 1372 ipsum
600 1317 767 1353 tamen
791 1324 976 1354 necesse
1007 1321 1074 1353 est
1101 1308 1376 1355 enuncietur
1401 1310 1506 1357 illos

88 1387 238 1434 nihilo
276 1387 424 1434 secius
466 1388 565 1433 vim
601 1387 732 1434 illam
772 1386 1102 1438 dominationis
1142 1386 1271 1434 haud
1305 1388 1367 1435 ita
1407 1407 1507 1452 gra-

88 1467 204 1516 viter
250 1479 461 1530 expertos
506 1483 625 1525 esse3
669 1482 852 1512 necesse
894 1479 989 1526 est,
1046 1466 1264 1531 inquam,
1310 1467 1377 1513 illi
1413 1468 1506 1514 vim

87 1543 444 1605 dominationis,
474 1562 617 1609 quam
637 1562 806 1606 paene
841 1544 1080 1608 experturi
1113 1545 1252 1592 fuisse
1285 1545 1505 1595 dicuutur

88 1642 187 1680 non
220 1624 340 1690 passi
375 1641 471 1671 esse
509 1623 828 1672 ostendantur.

216 1729 307 1777 Cui
328 1731 397 1778 rei
427 1731 545 1777 nihil
576 1730 743 1789 melius
782 1729 1056 1794 respondet,
1094 1748 1232 1793 quam
1262 1748 1379 1795 quae
1407 1731 1504 1796 ipsa

86 1810 384 1873 sequentibus
424 1811 574 1858 verbis
607 1810 727 1856 inest
764 1810 1005 1857 sententia.
1083 1809 1180 1856 Sed
1215 1824 1367 1857 tamen
1402 1828 1504 1858 ver·
1542 1850 1545 1853 Α

84 1891 202 1937 bum
239 1892 446 1936 excessit
488 1904 535 1936 et
574 1889 688 1936 huic
737 1890 1020 1948 sententiae,
1065 1903 1111 1936 et
1143 1890 1210 1936 illi
1255 1907 1394 1952 quam
1430 1906 1504 1937 ex-

87 1968 202 2033 cipit
233 1969 428 2022 voculae
467 1977 635 2020 tamen
672 1968 864 2015 omnino
894 1967 1171 2021 adversatur,
1248 1969 1433 2016 Etenim
1467 1968 1504 2015 si

86 2066 196 2099 vera
235 2061 386 2097 essent
420 2048 523 2096 illa:
565 2050 627 2094 In
667 2049 761 2094 lzoc
798 2047 1017 2108 Augusti
1052 2049 1132 2092 ira
1167 2049 1394 2107 excessit,
1432 2046 1503 2093 di-

74 2141 275 2176 uceretur
324 2140 439 2174 tunc
480 2125 678 2174 modum
722 2126 964 2173 excessisse
1015 2142 1324 2190 prorumpens
1371 2124 1503 2173 Prin-

84 2207 202 2273 cipis
243 2206 352 2266 ira‚·
385 2219 591 2269 essetque
632 2206 824 2252 omnino
866 2221 1073 2265 necesse,
1117 2205 1164 2251 iu
1203 2205 1502 2269 sequentibus

86 2286 287 2333 atrocius
322 2285 562 2350 quoddam
595 2285 795 2350 Augusti
829 2287 1002 2332 sactum
1041 2286 1314 2344 referretur,
1353 2302 1500 2348 quum

51 2375 251 2413 'contra
289 2365 362 2412 his
409 2366 516 2438 ipsis
555 2366 726 2413 verbis:
775 2367 998 2411 censoria
1030 2366 1204 2426 potius
1250 2372 1502 2409 contentus

83 2453 208 2493 nota
261 2462 411 2507 quam
463 2446 718 2490 animadv.
765 2446 810 2489 cl.
859 2443 1098 2488 manifesto
1155 2441 1251 2505 ipsa
1300 2439 1500 2504 Augusti

86 2522 349 2571 moderatio
398 2536 444 2571 et
480 2523 726 2571 clementia
765 2520 1071 2569 collaudetur.
1151 2518 1297 2575 Quod
1329 2519 1498 2566 mirum

86 2616 158 2650 est
207 2603 375 2667 fiagisse
423 2601 786 2661 Ruhnkenium,
849 2599 990 2664 idque
1031 2616 1087 2646 eo
1137 2599 1307 2664 magis,
1371 2594 1497 2661 quod

84 2680 184 2746 ipse
238 2682 446 2730 attulerit
502 2681 661 2729 locum
708 2679 834 2726 hunc
877 2679 1152 2726 Livianum:
1225 2693 1320 2742 quo
1373 2676 1495 2722 ultra
