1715 3117
1379 210 1469 256 101

49 317 199 368 visere
232 321 650 371 necessitudines.“
718 322 890 390 Neque
927 328 1130 393 negligas
1160 331 1217 379 de
1249 347 1346 382 tota
1377 335 1463 384 hac

51 417 101 448 re
140 400 346 466 relegere
387 403 514 450 Suet.
561 402 667 450 Tib.
718 422 757 452 e.
782 404 843 452 X.
878 435 945 445 -
1011 407 1193 459 Velleio
1233 429 1465 463 censente:

51 481 317 528 orientium
380 483 614 530 iuvenum
680 483 825 532 initiis
880 487 1065 536 obstare
1123 491 1335 539 uoluerat
1383 492 1464 540 Ti-

48 558 229 622 berius,
295 562 420 608 viris
478 579 575 610 sese
632 579 728 611 non
791 566 992 629 amplius
1045 569 1310 618 nociturum
1369 589 1464 620 esse

46 638 363 690 arbitrabatur.

388 915 722 977 'cAruw
768 917 1124 979 Lxxnl-

469 1024 557 1060 vell.
578 1025 634 1071 11,
654 1023 711 1060 99.
735 1039 768 1073 p.
785 1025 851 1060 115
877 1027 927 1062 ed.
940 1028 1046 1062 Orell.

155 1120 305 1170 „Illud
336 1146 385 1152 -
419 1123 630 1165 dicendum
664 1135 749 1175 est,
787 1130 849 1167 ita
878 1135 1032 1181 septem
1069 1141 1193 1167 annos
1225 1126 1363 1166 Rhode·
1393 1141 1469 1166 mo-

45 1199 203 1239 ratum,
227 1200 273 1232 ut
299 1206 455 1240 omnes,
482 1196 553 1246 qui
570 1201 695 1247 pro.“
749 1202 815 1234 Ed.
847 1214 899 1246 pr.
931 1213 964 1246 p.
984 1203 1047 1237 53.

46 1375 279 1446 Primum
330 1400 451 1447 iusto
492 1399 713 1446 fidentius
761 1400 999 1447 novissimi
1037 1399 1208 1448 Velleii
1244 1399 1470 1459 Editores‚

51 1479 296 1527 Grunerus
328 1495 437 1525 cum
448 1478 671 1534 Krausio,
700 1478 868 1526 intacta
896 1480 1188 1544 reliquerunt
1210 1480 1286 1526 illa
1314 1482 1385 1526 ita
1407 1508 1471 1515 -

23 1568 328 1625 Δηιοιτιιιινη,
388 1575 672 1622 quamquam
726 1575 828 1605 mea
875 1558 1066 1623 quidem
1112 1559 1334 1605 sententia
1373 1573 1470 1603 om-

4 1691 9 1695 „
49 1639 166 1685 nino
226 1654 412 1685 necesse
467 1651 559 1697 est,
633 1637 917 1685 accusativus
985 1636 1183 1684 addatur
1235 1637 1469 1684 infinitivo

49 1725 300 1763 moratum
313 1717 473 1779 (esse).
540 1714 697 1771 Quare
728 1716 1056 1776 scribendum,
1095 1717 1142 1762 ui
1172 1716 1322 1776 fallor,
1359 1716 1468 1763 erit:

51 1798 126 1842 ita
160 1805 349 1858 septem
381 1813 490 1841 eum
525 1811 683 1842 annos
718 1796 781 1842 R.
813 1795 900 1855 mk,
953 1794 1000 1841 id
1038 1793 1165 1857 quod
1194 1795 1369 1842 factum
1404 1808 1471 1841 est

49 1873 357 1924 similitudine
392 1877 676 1942 syllabarum
712 1895 791 1922 em
819 1889 866 1922 et
901 1894 1022 1922 eum.

177 1982 430 2047 Sequentia
474 1981 578 2028 ista:
626 1983 820 2027 visendi
859 1983 963 2027 eius
991 1982 1166 2042 gratia
1217 1981 1289 2025 ad
1325 1995 1468 2041 quem

49 2064 408 2121 convenientes,
435 2060 624 2108 nonnisi
658 2061 853 2108 lacunae
875 2060 912 2106 si
925 2077 1015 2124 qua
1038 2073 1105 2106 est
1117 2056 1349 2122 praesidio
1370 2070 1467 2104 tuta

49 2153 213 2200 erunt,
247 2153 301 2186 ut
338 2140 529 2186 fortasse
558 2138 807 2186 scribatur:

195 2256 225 2282 ‚,
248 2221 312 2266 Ut
350 2236 540 2273 omnes,
585 2220 671 2282 qui
711 2248 769 2255 —
816 2219 1010 2264 visendi
1048 2244 1114 2253 —-
1155 2217 1258 2261 eius
1295 2215 1470 2277 gratia

196 2300 529 2353 devenerint,
578 2297 805 2344 abditum
853 2296 1196 2343 convenientes
1237 2295 1471 2354 semper“

194 2392 240 2425 et
268 2397 314 2443 q.
344 2396 377 2425 S.

50 2457 176 2506 Utor
204 2457 333 2504 enim
355 2455 569 2505 Suetonii
593 2454 769 2503 verbis:
804 2452 1094 2515 „Enimvero
1115 2465 1227 2498 tunc
1255 2468 1348 2497 non
1377 2451 1470 2514 pri·

47 2549 211 2584 vatum
248 2535 394 2584 modo
426 2534 509 2582 sed
544 2533 969 2582 etiam-obnoxium
1010 2544 1052 2577 ot
1089 2529 1331 2594 trepidum
1364 2529 1469 2590 egit,

52 2618 434 2664 mediterraneis
486 2617 633 2662 terris
677 2614 877 2660 abditu-s·
923 2611 1163 2674 vitansque
1209 2622 1468 2674 praeterna-

49 2696 307 2761 vigantium
335 2694 513 2755 officia,
550 2694 717 2756 quibus
749 2690 1124 2754 frequentabatur
1161 2686 1356 2745 assidue,
1387 2701 1468 2732 ue-
