1715 3117
180 182 274 232 148

710 309 819 374 Pag.
843 315 939 360 139.
968 327 1009 357 v.
1029 319 1071 361 2.

313 399 385 460 11,
416 416 522 447 121.
555 415 595 446 2.
663 397 889 447 Verbum
935 399 1229 446 vindicandi
1268 398 1316 448 h.
1361 399 1391 447 l.
1444 398 1611 448 tuendi

182 480 371 529 notione
408 478 614 543 positum
652 494 748 525 esse
784 478 1017 525 confirmo
1057 476 1304 525 Velleiano
1355 483 1477 536 „ad
1505 481 1611 526 vin-

182 563 452 608 dicandum
476 560 724 622 populum
740 561 768 586 “
801 576 837 605 s.
877 558 967 605 nisi
1000 575 1186 607 mecum
1215 559 1326 607 facit
1365 562 1480 620 „ad
1503 562 1611 608 vin-

184 642 455 688 dicandam
486 642 675 702 remp.“
743 656 783 685 c.
814 639 887 684 28.
914 654 955 685 2.

698 759 808 824 Pag.
830 765 927 811 143.
965 777 1006 807 v.
1030 767 1071 811 9.
1140 767 1142 772 '

325 849 387 910 II,
414 850 516 896 126.
554 866 593 895 1.
633 849 886 894 insera—
906 850 959 894 in
980 846 1252 911 partibus]
1321 847 1444 908 FQrt.
1471 848 1610 896 scrib.

186 947 338 994 quum
381 929 626 990 inscripta
681 929 836 973 oculis
893 928 1172 990 animisque
1215 930 1435 975 omnium
1486 930 1609 983 sint,

176 1009 414 1074 partibus
465 1005 770 1070 eloquatur?
799 1035 866 1043 -—-
953 1005 1124 1072 Neque
1181 1007 1310 1054 enim
1370 1008 1609 1063 offendes,

185 1088 383 1154 opinor,
417 1087 466 1134 in
503 1105 546 1134 v.
584 1088 684 1133 sint
716 1086 777 1133 ita
813 1086 979 1151 posito.

709 1209 819 1272 Pag.
851 1214 946 1258 147.
993 1227 1035 1258 V.
1058 1215 1099 1258 4.

318 1299 382 1355 II,
413 1315 517 1362 129.
542 1315 583 1346 2.
662 1297 825 1354 Quum
861 1295 1112 1360 praecedat
1147 1304 1351 1342 senator
1385 1304 1434 1342 et
1464 1296 1614 1342 iudex

187 1379 258 1428 his
295 1378 482 1427 duobus
520 1394 652 1425 voce.
691 1377 781 1422 alia
825 1374 922 1422 duo
972 1389 1271 1440 opponantur
1313 1391 1498 1422 necesse
1533 1388 1613 1435 est,

184 1476 280 1527 quo
322 1460 405 1506 fiat
446 1456 685 1505 antithesis
722 1473 915 1521 prorsus
945 1455 1203 1503 Velleiana.
1298 1454 1459 1512 Quare
1503 1455 1611 1503 fort.

184 1534 322 1590 scrib.
357 1540 593 1601 princeps
615 1544 664 1581 et
688 1536 993 1597 Imperator,
1031 1552 1063 1580 s.
1080 1536 1323 1597 princeps
1344 1543 1394 1580 et
1419 1535 1612 1581 Caesar

183 1618 332 1678 Quod
375 1617 596 1665 ultimum
641 1613 800 1661 malim
844 1626 1035 1678 propter
1077 1612 1431 1661 similitudinem
1476 1631 1606 1661 voce.

192 1702 384 1748 Caesar
422 1711 466 1744 et
503 1713 711 1757 causas„
