1715 3117
1399 226 1478 269 ¹3¹

246 815 944 886 Animadversiones
989 817 1290 886 criticae

746 977 757 1011 i
767 988 788 1011 n

48 1097 563 1154 orelllanam
617 1096 932 1152 velleii
994 1097 1476 1154 Editlonem.

675 1423 787 1487 Pag.
823 1432 865 1472 8.

44 1500 101 1587 I,
136 1543 180 1589 9.
206 1528 248 1573 5.
278 1533 453 1587 potest
474 1525 661 1584 filium.
739 1523 967 1586 Equidem
1003 1523 1050 1569 h.
1079 1525 1108 1571 l.
1154 1542 1249 1571 non
1287 1526 1472 1573 tacitam

46 1604 264 1652 Rhenani
304 1603 723 1668 interpolationem
763 1601 846 1649 sed
888 1603 1188 1649 Amerbachii
1223 1594 1473 1663 α’βλεψιάν

43 1684 297 1732 notandam
318 1697 447 1747 puto.
494 1681 652 1728 Verba
682 1684 962 1742 „consulem
982 1685 1204 1728 creavit“
1225 1684 1374 1729 omitti
1398 1686 1470 1731 vix

42 1776 251 1828 possunt.
310 1761 538 1808 Orellius:
575 1762 868 1822 ,‚Senatus‚
904 1762 1076 1825 iuquit,
1107 1764 1271 1808 nullae
1294 1774 1470 1824 partes

44 1853 158 1890 sunt
193 1845 244 1888 in
284 1845 499 1888 creando
534 1845 728 1887 consule
738 1845 797 1900 ,·“
838 1859 986 1905 neque
1025 1843 1167 1905 igitur
1207 1841 1300 1890 dici
1337 1862 1470 1907 posse

44 1923 273 1983 „Senatus
303 1921 601 1987 populusque
628 1950 695 1958 —-
727 1921 898 1968 creavit
932 1921 1220 1967 consulem.“
1290 1923 1467 1970 Atvero

43 2019 252 2068 provoco
280 2001 341 2048 ad
362 2002 519 2064 ipsum
532 2000 784 2059 Velleium‚
809 2000 890 2064 qui
915 1999 1016 2046 LH.
1041 2020 1078 2046 c.
1097 2003 1170 2046 50.
1196 2004 1245 2046 3:
1281 2001 1467 2062 „Quem

44 2083 226 2141 virum,
262 2081 440 2145 inquit,
489 2080 591 2145 quis
636 2097 733 2127 non
780 2079 974 2125 miretur
1011 2107 1076 2115 —-
1113 2080 1276 2144 iniquo
1312 2082 1469 2128 tulisse

44 2161 230 2219 animo,
287 2161 339 2209 C.
380 2161 616 2207 Caesaris
660 2160 712 2205 in
756 2161 916 2204 altero
957 2161 1212 2204 consulatu
1248 2165 1467 2222 petendo

47 2241 287 2288 Senatum
306 2241 653 2302 populumque
680 2239 928 2300 rationem
950 2237 1146 2283 habere.
1214 2238 1310 2295 Qui
1339 2241 1470 2287 locus

44 2318 265 2378 sufficiat,
312 2318 401 2365 alia
447 2331 572 2365 certe
618 2331 756 2382 atque
801 2334 919 2382 quae
959 2315 1135 2364 Orellio
1179 2317 1226 2364 in
1266 2332 1469 2366 mentem

43 2411 280 2450 venerunt
308 2396 557 2444 inserenda
590 2414 686 2444 esse
718 2395 947 2444 videntur.
1014 2395 1184 2460 Populi
1215 2396 1339 2442 enim
1369 2398 1471 2443 nul-

43 2477 114 2525 lae
140 2490 294 2542 partes
329 2490 463 2523 erant
490 2477 539 2523 in
569 2475 857 2523 destinandis
891 2475 1016 2522 bello
1052 2475 1218 2538 cuique
1248 2474 1469 2534 ducibus;

43 2556 189 2604 solius
218 2555 418 2604 Senatus
462 2569 507 2603 et
547 2557 740 2603 fortasse
789 2554 1053 2602 Consulum
1091 2553 1302 2618 ipsorum
1343 2555 1468 2618 optio

46 2647 174 2695 erat,
227 2635 323 2682 utri
374 2636 626 2682 consulum
672 2636 779 2682 belli
825 2634 1015 2680 alicuius
1063 2631 1255 2696 gerendi
1300 2649 1467 2677 munus

48 2713 438 2762 demandandum
470 2728 598 2760 esset.
678 2712 965 2760 Retiuuerim
1003 2712 1143 2774 igitur
1178 2711 1416 2771 volgatam.

1007 2791 1031 2827 9
1057 2785 1079 2808 Q
