1715 3117
18 181 28 376 i
61 339 247 389 librario
276 342 403 390 enim
435 362 557 392 nova
582 346 724 411 plane
754 360 800 394 et
836 349 891 394 ab
922 349 1004 396 illo
1028 351 1131 413 ipso
1165 365 1317 399 creata
1350 370 1484 402 voca-

0 443 23 550 e
61 418 174 467 bula
212 421 289 468 vix
332 422 607 488 Imputanda
645 438 784 487 suut3
822 426 1011 493 locique
1046 447 1204 477 sensus
1243 431 1486 482 adiuvatur

0 544 1 547 ,
62 498 519 568 Plusquamperfecti
565 504 691 553 illius
727 508 915 566 fuerat
961 527 1070 555 cum
1116 528 1156 556 v.
1201 529 1327 560 nunc
1368 515 1487 563 facta

0 592 20 677 'T
65 582 377 645 oppositione.
448 585 572 632 Ecce
608 586 735 633 euim
771 604 933 635 nonne
967 589 1111 654 magis
1141 591 1317 653 placet:

0 740 17 752 Ἣ
205 679 362 734 „Non
397 681 514 739 fuit
551 698 715 729 nunc
761 681 817 743 (i.
843 698 882 728 e.
933 680 1136 728 Caesaris
1166 684 1487 748 tempom'bus)

14 765 20 798 ,ί
205 761 371 805 maior
402 761 454 806 in
491 761 764 807 Caesarem
799 778 950 824 qaam
978 763 1030 808 in
1052 764 1342 824 Pompeiam
1367 767 1486 825 fue-

208 848 315 894 rat,
358 842 493 902 regis
511 839 694 898 fides?

62 930 298 980 Voculam
353 950 483 980 nunc
533 933 591 980 de
636 935 887 997 praeterito
936 953 1123 999 quoque
1166 950 1383 1000 tempore
1422 939 1488 986 rei

64 1012 322 1078 cuiuspiam
358 1012 779 1076 repraesentandae
816 1031 973 1061 caussa
1007 1016 1145 1079 poni,
1193 1018 1366 1064 affatim
1400 1017 1486 1066 do-

67 1107 177 1140 cent
209 1092 542 1157 lexicographi.
609 1092 876 1158 Usurpatur
907 1106 958 1140 ut
992 1108 1204 1142 nostrum
1238 1113 1351 1142 nun.

194 1184 286 1233 Sed
333 1186 524 1232 fortasse
568 1202 962 1250 supervacaneum
1006 1203 1104 1233 non
1151 1188 1235 1234 erit
1280 1191 1490 1238 confiteri

63 1264 182 1312 mihi
250 1265 387 1317 aliam
459 1282 650 1330 quoque
710 1265 805 1312 loci
866 1263 1149 1312 medicinam
1208 1269 1486 1316 subvenisse.

64 1344 229 1400 Quum
290 1346 416 1391 enim
474 1346 538 1390 ὦ
578 1371 633 1393 =
686 1361 800 1391 vero
863 1345 1058 1391 similius
1117 1345 1255 1393 etiam
1315 1348 1371 1395 sit
1420 1349 1488 1395 illi

62 1425 128 1476 ἦ
162 1454 217 1478 =
253 1443 376 1486 non,
412 1443 553 1490 quam
589 1421 650 1474 n'Z·
678 1424 870 1472 fortasse
907 1424 1065 1489 legere
1097 1426 1256 1473 malis:

206 1522 372 1579 „Non
397 1521 512 1580 fait
544 1537 693 1568 vero
727 1520 891 1565 maior
919 1521 972 1564 in
1005 1521 1298 1576 Caesarem,
1338 1538 1488 1585 quam

207 1603 260 1663 ir}
292 1602 583 1664 Pompeium
605 1601 817 1660 fuerat,
853 1600 989 1660 regis
1019 1624 1075 1633 ——
1101 1600 1297 1658 fides.“

412 1843 742 1904 CAPUT
786 1838 1135 1902 xxxvl.

485 1943 574 1978 Vell.
598 1941 648 1987 11,
675 1939 730 1975 54.
755 1952 790 1987 p.
807 1938 854 1975 77
878 1941 929 1975 ed.
955 1940 1069 1975 Orell.

175 2046 419 2100 „Nusqmm
446 2051 540 2084 erat
563 2043 784 2096 Pompeius
810 2055 1002 2095 empore,
1034 2039 1167 2080 adhue
1190 2038 1335 2093 ubique
1359 2038 1488 2080 Iubae

64 2118 268 2158 ποηῑὶηε.“
322 2119 390 2154 Ed.
416 2129 468 2163 pr.
499 2129 534 2162 p.
555 2116 619 2154 35.

70 2278 260 2350 Orellii
310 2300 484 2347 librum
535 2298 806 2363 priusquam
857 2296 1136 2360 inspicerem
1155 2332 1168 2356 ‚
1225 2296 1488 2342 communi·

68 2400 229 2431 caram
256 2381 350 2427 iam
380 2397 489 2428 cum
525 2378 672 2426 Islero
698 2379 780 2439 2¹)
815 2393 921 2423 meo
956 2373 1154 2421 eandem
1190 2392 1329 2438 quam
1358 2392 1489 2422 nunc

69 2474 116 2509 et
158 2460 390 2508 Huthium
428 2459 589 2507 fecisse
627 2457 942 2522 comperimus
985 2455 1330 2502 coniecturam:
1379 2458 1488 2502 iure

122 2588 187 2642 ⁹¹)
221 2595 293 2640 Qui
329 2595 385 2629 vir
411 2613 466 2620 -
500 2594 538 2628 id
574 2594 668 2639 quod
701 2591 910 2638 gratissimo
947 2590 1067 2625 animo
1104 2601 1261 2636 agnosco
1293 2610 1342 2616 ·—
1375 2590 1487 2624 incre-

230 2665 334 2700 dibili
359 2663 533 2709 patientia
552 2673 674 2695 omnes
702 2662 814 2695 hasce
841 2659 1062 2693 coniecturas
1095 2664 1288 2704 antequam
1308 2659 1343 2692 in
1372 2656 1489 2702 publi-

234 2745 316 2768 cum
354 2731 539 2777 prodirent
574 2729 729 2764 examini
762 2729 915 2763 nubiecit
943 2708 1213 2763 accuratissimo
1243 2725 1478 2760 subtilia-imo
