<?xml version="1.0" encoding="UTF-8"?>
<!DOCTYPE html PUBLIC "-//W3C//DTD XHTML 1.0 Transitional//EN"
    "http://www.w3.org/TR/xhtml1/DTD/xhtml1-transitional.dtd">
<html xmlns="http://www.w3.org/1999/xhtml" xml:lang="en" lang="en">
 <head>
  <title>
</title>
<meta http-equiv="Content-Type" content="text/html;charset=utf-8" />
  <meta name='ocr-system' content='tesseract 3.04.00' />
  <meta name='ocr-capabilities' content='ocr_page ocr_carea ocr_par ocr_line ocrx_word'/>
</head>
<body>
  <div class='ocr_page' id='page_1' title='image "./locivelleianiine00lauruoft_0029.png"; bbox 0 0 1715 3117; ppageno 0'>
   <div class='ocr_carea' id='block_1_1' title="bbox 563 764 984 844">
    <p class='ocr_par' dir='ltr' id='par_1_1' title="bbox 563 764 984 844">
     <span class='ocr_line' id='line_1_1' title="bbox 563 764 984 844; baseline -0.002 -20"><span class='ocrx_word' id='word_1_1' title='bbox 563 765 888 844; x_wconf 64' lang='lat' dir='ltr'>cn’um</span> <span class='ocrx_word' id='word_1_2' title='bbox 930 764 984 823; x_wconf 87' lang='lat'>1.</span> 
     </span>
    </p>
   </div>
   <div class='ocr_carea' id='block_1_2' title="bbox 647 890 910 937">
    <p class='ocr_par' dir='ltr' id='par_1_2' title="bbox 647 890 910 937">
     <span class='ocr_line' id='line_1_2' title="bbox 647 890 910 937; baseline -0.008 -11"><span class='ocrx_word' id='word_1_3' title='bbox 647 892 734 927; x_wconf 57' lang='grc' dir='ltr'><strong>νου.</strong></span> <span class='ocrx_word' id='word_1_4' title='bbox 752 893 781 937; x_wconf 83' lang='lat'>1,</span> <span class='ocrx_word' id='word_1_5' title='bbox 803 890 858 926; x_wconf 89' lang='lat'>17.</span> <span class='ocrx_word' id='word_1_6' title='bbox 877 891 910 925; x_wconf 83' lang='lat'>5.</span> 
     </span>
    </p>
   </div>
   <div class='ocr_carea' id='block_1_3' title="bbox 63 1022 1485 1284">
    <p class='ocr_par' dir='ltr' id='par_1_3' title="bbox 63 1022 1485 1284">
     <span class='ocr_line' id='line_1_3' title="bbox 171 1022 1481 1078; baseline -0.004 -13"><span class='ocrx_word' id='word_1_7' title='bbox 171 1031 292 1065; x_wconf 69' lang='lat' dir='ltr'>Codex</span> <span class='ocrx_word' id='word_1_8' title='bbox 317 1032 436 1065; x_wconf 82' lang='lat' dir='ltr'>Murb.</span> <span class='ocrx_word' id='word_1_9' title='bbox 463 1030 517 1065; x_wconf 76' lang='lat' dir='ltr'>sic</span> <span class='ocrx_word' id='word_1_10' title='bbox 544 1031 679 1065; x_wconf 81' lang='lat' dir='ltr'>habet:</span> <span class='ocrx_word' id='word_1_11' title='bbox 733 1025 897 1070; x_wconf 72' lang='lat' dir='ltr'>„Huius</span> <span class='ocrx_word' id='word_1_12' title='bbox 924 1038 1022 1078; x_wconf 73' lang='lat' dir='ltr'>erqo</span> <span class='ocrx_word' id='word_1_13' title='bbox 1048 1022 1279 1062; x_wconf 75' lang='lat' dir='ltr'>recedentis</span> <span class='ocrx_word' id='word_1_14' title='bbox 1308 1035 1383 1075; x_wconf 84' lang='lat' dir='ltr'>mq.</span> <span class='ocrx_word' id='word_1_15' title='bbox 1423 1035 1481 1060; x_wconf 78' lang='lat' dir='ltr'>ee·</span> 
     </span>
     <span class='ocr_line' id='line_1_4' title="bbox 63 1091 1483 1147; baseline -0.005 -12"><span class='ocrx_word' id='word_1_16' title='bbox 63 1094 193 1135; x_wconf 82' lang='lat' dir='ltr'>culum</span> <span class='ocrx_word' id='word_1_17' title='bbox 227 1097 475 1147; x_wconf 78' lang='lat' dir='ltr'>inqeniorum</span> <span class='ocrx_word' id='word_1_18' title='bbox 504 1094 787 1134; x_wconf 76' lang='lat' dir='ltr'><em>similitudines</em></span> <span class='ocrx_word' id='word_1_19' title='bbox 819 1099 1147 1145; x_wconf 75' lang='lat' dir='ltr'>conqreqantesq.</span> <span class='ocrx_word' id='word_1_20' title='bbox 1184 1105 1229 1130; x_wconf 78' lang='lat' dir='ltr'>se</span> <span class='ocrx_word' id='word_1_21' title='bbox 1265 1091 1306 1141; x_wconf 63' lang='grc' dir='ltr'><strong><em>ξ</em></strong></span> <span class='ocrx_word' id='word_1_22' title='bbox 1334 1091 1375 1129; x_wconf 81' lang='lat' dir='ltr'>in</span> <span class='ocrx_word' id='word_1_23' title='bbox 1405 1097 1483 1128; x_wconf 79' lang='lat' dir='ltr'>stu·</span> 
     </span>
     <span class='ocr_line' id='line_1_5' title="bbox 63 1160 1485 1215; baseline -0.004 -13"><span class='ocrx_word' id='word_1_24' title='bbox 63 1163 172 1202; x_wconf 80' lang='lat' dir='ltr'>dium</span> <span class='ocrx_word' id='word_1_25' title='bbox 202 1176 305 1215; x_wconf 82' lang='lat' dir='ltr'>par,</span> <span class='ocrx_word' id='word_1_26' title='bbox 349 1164 392 1213; x_wconf 60' lang='lat'>&lt;3⁸</span> <span class='ocrx_word' id='word_1_27' title='bbox 428 1163 773 1202; x_wconf 77' lang='lat' dir='ltr'>memolumentum</span> <span class='ocrx_word' id='word_1_28' title='bbox 810 1175 954 1202; x_wconf 76' lang='lat' dir='ltr'>causas</span> <span class='ocrx_word' id='word_1_29' title='bbox 995 1173 1082 1198; x_wconf 83' lang='lat' dir='ltr'>cum</span> <span class='ocrx_word' id='word_1_30' title='bbox 1120 1173 1277 1211; x_wconf 75' lang='lat' dir='ltr'>semper</span> <span class='ocrx_word' id='word_1_31' title='bbox 1311 1160 1485 1210; x_wconf 81' lang='lat' dir='ltr'><em>requiro,</em></span> 
     </span>
     <span class='ocr_line' id='line_1_6' title="bbox 63 1234 639 1284; baseline -0.003 -14"><span class='ocrx_word' id='word_1_32' title='bbox 63 1234 295 1284; x_wconf 79' lang='lat' dir='ltr'>nunquam“</span> <span class='ocrx_word' id='word_1_33' title='bbox 340 1235 406 1269; x_wconf 87' lang='lat' dir='ltr'>Ed.</span> <span class='ocrx_word' id='word_1_34' title='bbox 437 1247 490 1279; x_wconf 83' lang='lat' dir='ltr'>pr.</span> <span class='ocrx_word' id='word_1_35' title='bbox 521 1247 554 1279; x_wconf 82' lang='lat' dir='ltr'>p.</span> <span class='ocrx_word' id='word_1_36' title='bbox 579 1235 639 1271; x_wconf 89' lang='lat'>11.</span> 
     </span>
    </p>
   </div>
   <div class='ocr_carea' id='block_1_4' title="bbox 708 1324 850 1336">
    <p class='ocr_par' dir='ltr' id='par_1_4' title="bbox 708 1324 850 1336">
     <span class='ocr_line' id='line_1_7' title="bbox 708 1324 850 1336; baseline 0 0"><span class='ocrx_word' id='word_1_37' title='bbox 708 1324 850 1336; x_wconf 47' lang='grc' dir='ltr'>ΞΣ</span> 
     </span>
    </p>
   </div>
   <div class='ocr_carea' id='block_1_5' title="bbox 65 1425 1496 2706">
    <p class='ocr_par' dir='ltr' id='par_1_5' title="bbox 65 1425 1495 2146">
     <span class='ocr_line' id='line_1_8' title="bbox 65 1425 1487 1510; baseline -0.003 -15"><span class='ocrx_word' id='word_1_38' title='bbox 65 1425 208 1497; x_wconf 81' lang='lat' dir='ltr'>Iusto</span> <span class='ocrx_word' id='word_1_39' title='bbox 251 1449 475 1497; x_wconf 76' lang='lat' dir='ltr'>fidentius</span> <span class='ocrx_word' id='word_1_40' title='bbox 524 1449 573 1496; x_wconf 89' lang='lat' dir='ltr'>h.</span> <span class='ocrx_word' id='word_1_41' title='bbox 620 1451 651 1497; x_wconf 92' lang='lat' dir='ltr'>l.</span> <span class='ocrx_word' id='word_1_42' title='bbox 702 1447 1050 1508; x_wconf 84' lang='lat' dir='ltr'>Ruhnkenius‚</span> <span class='ocrx_word' id='word_1_43' title='bbox 1107 1447 1238 1496; x_wconf 89' lang='lat' dir='ltr'>cuius</span> <span class='ocrx_word' id='word_1_44' title='bbox 1282 1444 1487 1510; x_wconf 89' lang='lat' dir='ltr'>alioquin</span> 
     </span>
     <span class='ocr_line' id='line_1_9' title="bbox 68 1523 1488 1595; baseline -0.006 -17"><span class='ocrx_word' id='word_1_45' title='bbox 68 1530 334 1589; x_wconf 84' lang='lat' dir='ltr'>cautionem</span> <span class='ocrx_word' id='word_1_46' title='bbox 390 1529 495 1595; x_wconf 84' lang='lat' dir='ltr'>quis</span> <span class='ocrx_word' id='word_1_47' title='bbox 553 1544 621 1578; x_wconf 86' lang='lat' dir='ltr'>est</span> <span class='ocrx_word' id='word_1_48' title='bbox 677 1529 759 1594; x_wconf 87' lang='lat' dir='ltr'>qui</span> <span class='ocrx_word' id='word_1_49' title='bbox 821 1529 965 1594; x_wconf 86' lang='lat' dir='ltr'>possit</span> <span class='ocrx_word' id='word_1_50' title='bbox 1025 1527 1211 1575; x_wconf 86' lang='lat' dir='ltr'>abunde</span> <span class='ocrx_word' id='word_1_51' title='bbox 1263 1523 1488 1574; x_wconf 73' lang='lat' dir='ltr'>laudare?</span> 
     </span>
     <span class='ocr_line' id='line_1_10' title="bbox 67 1609 1490 1670; baseline -0.004 -14"><span class='ocrx_word' id='word_1_52' title='bbox 67 1610 184 1657; x_wconf 86' lang='lat' dir='ltr'>haec</span> <span class='ocrx_word' id='word_1_53' title='bbox 240 1610 289 1656; x_wconf 91' lang='lat' dir='ltr'>in</span> <span class='ocrx_word' id='word_1_54' title='bbox 341 1623 522 1658; x_wconf 84' lang='lat' dir='ltr'>textum</span> <span class='ocrx_word' id='word_1_55' title='bbox 574 1609 776 1656; x_wconf 86' lang='lat' dir='ltr'>admisit:</span> <span class='ocrx_word' id='word_1_56' title='bbox 873 1609 1066 1669; x_wconf 85' lang='lat' dir='ltr'>„Huius</span> <span class='ocrx_word' id='word_1_57' title='bbox 1127 1624 1238 1670; x_wconf 84' lang='lat' dir='ltr'>ergo</span> <span class='ocrx_word' id='word_1_58' title='bbox 1305 1620 1490 1669; x_wconf 81' lang='lat' dir='ltr'>praece·</span> 
     </span>
     <span class='ocr_line' id='line_1_11' title="bbox 71 1685 1491 1754; baseline -0.006 -18"><span class='ocrx_word' id='word_1_59' title='bbox 71 1689 347 1754; x_wconf 77' lang='lat' dir='ltr'>„dentisque</span> <span class='ocrx_word' id='word_1_60' title='bbox 376 1689 521 1736; x_wconf 89' lang='lat' dir='ltr'>seculi</span> <span class='ocrx_word' id='word_1_61' title='bbox 554 1688 855 1753; x_wconf 85' lang='lat' dir='ltr'>ingeniorum</span> <span class='ocrx_word' id='word_1_62' title='bbox 886 1685 1196 1734; x_wconf 83' lang='lat' dir='ltr'>similitudinis</span> <span class='ocrx_word' id='word_1_63' title='bbox 1235 1700 1491 1747; x_wconf 83' lang='lat' dir='ltr'>congrega-</span> 
     </span>
     <span class='ocr_line' id='line_1_12' title="bbox 70 1766 1492 1834; baseline -0.007 -17"><span class='ocrx_word' id='word_1_64' title='bbox 70 1769 335 1834; x_wconf 83' lang='lat' dir='ltr'>„tionisque</span> <span class='ocrx_word' id='word_1_65' title='bbox 376 1783 422 1816; x_wconf 84' lang='lat' dir='ltr'>et</span> <span class='ocrx_word' id='word_1_66' title='bbox 468 1770 517 1815; x_wconf 89' lang='lat' dir='ltr'>in</span> <span class='ocrx_word' id='word_1_67' title='bbox 558 1768 765 1815; x_wconf 90' lang='lat' dir='ltr'>studium</span> <span class='ocrx_word' id='word_1_68' title='bbox 813 1787 894 1833; x_wconf 77' lang='lat' dir='ltr'>par</span> <span class='ocrx_word' id='word_1_69' title='bbox 939 1782 984 1814; x_wconf 88' lang='lat' dir='ltr'>et</span> <span class='ocrx_word' id='word_1_70' title='bbox 1030 1768 1077 1814; x_wconf 89' lang='lat' dir='ltr'>iu</span> <span class='ocrx_word' id='word_1_71' title='bbox 1123 1766 1492 1813; x_wconf 86' lang='lat' dir='ltr'>emolumentum</span> 
     </span>
     <span class='ocr_line' id='line_1_13' title="bbox 73 1842 1493 1912; baseline -0.007 -16"><span class='ocrx_word' id='word_1_72' title='bbox 73 1852 308 1909; x_wconf 82' lang='lat' dir='ltr'>‚‚causas“</span> <span class='ocrx_word' id='word_1_73' title='bbox 357 1861 402 1894; x_wconf 90' lang='lat' dir='ltr'>et</span> <span class='ocrx_word' id='word_1_74' title='bbox 435 1867 480 1912; x_wconf 91' lang='lat' dir='ltr'>q.</span> <span class='ocrx_word' id='word_1_75' title='bbox 514 1865 547 1893; x_wconf 91' lang='lat' dir='ltr'>s.</span> <span class='ocrx_word' id='word_1_76' title='bbox 622 1846 796 1893; x_wconf 86' lang='lat' dir='ltr'>Nonne</span> <span class='ocrx_word' id='word_1_77' title='bbox 834 1848 1015 1911; x_wconf 77' lang='lat' dir='ltr'>ingrata</span> <span class='ocrx_word' id='word_1_78' title='bbox 1060 1846 1143 1891; x_wconf 83' lang='lat' dir='ltr'>ista</span> <span class='ocrx_word' id='word_1_79' title='bbox 1172 1858 1238 1890; x_wconf 90' lang='lat' dir='ltr'>tot</span> <span class='ocrx_word' id='word_1_80' title='bbox 1274 1842 1493 1907; x_wconf 88' lang='lat' dir='ltr'>genitivo-</span> 
     </span>
     <span class='ocr_line' id='line_1_14' title="bbox 75 1925 1495 1978; baseline -0.006 -3"><span class='ocrx_word' id='word_1_81' title='bbox 75 1947 181 1975; x_wconf 80' lang='lat' dir='ltr'>rum</span> <span class='ocrx_word' id='word_1_82' title='bbox 216 1929 578 1975; x_wconf 76' lang='lat' dir='ltr'>coniunctorum</span> <span class='ocrx_word' id='word_1_83' title='bbox 612 1926 832 1975; x_wconf 77' lang='lat' dir='ltr'>iteratio?</span> <span class='ocrx_word' id='word_1_84' title='bbox 884 1943 1041 1974; x_wconf 87' lang='lat' dir='ltr'>nonne</span> <span class='ocrx_word' id='word_1_85' title='bbox 1080 1925 1284 1972; x_wconf 86' lang='lat' dir='ltr'>violenta</span> <span class='ocrx_word' id='word_1_86' title='bbox 1316 1939 1495 1978; x_wconf 85' lang='lat' dir='ltr'>eorum,</span> 
     </span>
     <span class='ocr_line' id='line_1_15' title="bbox 76 2005 1494 2072; baseline -0.006 -19"><span class='ocrx_word' id='word_1_87' title='bbox 76 2025 194 2072; x_wconf 87' lang='lat' dir='ltr'>quae</span> <span class='ocrx_word' id='word_1_88' title='bbox 247 2006 388 2054; x_wconf 86' lang='lat' dir='ltr'>editio</span> <span class='ocrx_word' id='word_1_89' title='bbox 423 2007 644 2071; x_wconf 64' lang='lat' dir='ltr'>⁴princeps</span> <span class='ocrx_word' id='word_1_90' title='bbox 688 2005 904 2066; x_wconf 83' lang='lat' dir='ltr'>exhibet,</span> <span class='ocrx_word' id='word_1_91' title='bbox 952 2007 1208 2052; x_wconf 79' lang='lat' dir='ltr'>verborum</span> <span class='ocrx_word' id='word_1_92' title='bbox 1252 2019 1349 2049; x_wconf 90' lang='lat' dir='ltr'>nou</span> <span class='ocrx_word' id='word_1_93' title='bbox 1393 2017 1494 2047; x_wconf 86' lang='lat' dir='ltr'>cor-</span> 
     </span>
     <span class='ocr_line' id='line_1_16' title="bbox 77 2084 749 2146; baseline -0.001 -13"><span class='ocrx_word' id='word_1_94' title='bbox 77 2087 220 2133; x_wconf 70' lang='lat' dir='ltr'>rectio</span> <span class='ocrx_word' id='word_1_95' title='bbox 236 2123 248 2146; x_wconf 82' lang='grc'>,</span> <span class='ocrx_word' id='word_1_96' title='bbox 290 2085 373 2132; x_wconf 90' lang='lat' dir='ltr'>sed</span> <span class='ocrx_word' id='word_1_97' title='bbox 405 2084 749 2132; x_wconf 77' lang='lat' dir='ltr'>commutatio?</span> 
     </span>
    </p>

    <p class='ocr_par' dir='ltr' id='par_1_6' title="bbox 79 2156 1495 2627">
     <span class='ocr_line' id='line_1_17' title="bbox 174 2156 1494 2230; baseline -0.008 -17"><span class='ocrx_word' id='word_1_98' title='bbox 174 2165 345 2230; x_wconf 83' lang='lat' dir='ltr'>Neque</span> <span class='ocrx_word' id='word_1_99' title='bbox 386 2181 500 2212; x_wconf 86' lang='lat' dir='ltr'>vero</span> <span class='ocrx_word' id='word_1_100' title='bbox 539 2166 762 2212; x_wconf 83' lang='lat' dir='ltr'>sententia</span> <span class='ocrx_word' id='word_1_101' title='bbox 807 2178 910 2230; x_wconf 83' lang='lat' dir='ltr'>apta</span> <span class='ocrx_word' id='word_1_102' title='bbox 942 2165 1119 2230; x_wconf 85' lang='lat' dir='ltr'>totique</span> <span class='ocrx_word' id='word_1_103' title='bbox 1148 2156 1494 2209; x_wconf 81' lang='lat' dir='ltr'>accommodata</span> 
     </span>
     <span class='ocr_line' id='line_1_18' title="bbox 79 2239 1494 2309; baseline -0.006 -17"><span class='ocrx_word' id='word_1_104' title='bbox 79 2244 229 2309; x_wconf 85' lang='lat' dir='ltr'>capiti.</span> <span class='ocrx_word' id='word_1_105' title='bbox 313 2245 527 2308; x_wconf 81' lang='lat' dir='ltr'>Apparet</span> <span class='ocrx_word' id='word_1_106' title='bbox 565 2245 718 2304; x_wconf 86' lang='lat' dir='ltr'>enim,</span> <span class='ocrx_word' id='word_1_107' title='bbox 766 2245 883 2292; x_wconf 85' lang='lat' dir='ltr'>haec</span> <span class='ocrx_word' id='word_1_108' title='bbox 917 2246 1056 2292; x_wconf 84' lang='lat' dir='ltr'>verba</span> <span class='ocrx_word' id='word_1_109' title='bbox 1095 2262 1222 2303; x_wconf 86' lang='lat' dir='ltr'>eam,</span> <span class='ocrx_word' id='word_1_110' title='bbox 1265 2256 1383 2306; x_wconf 89' lang='lat' dir='ltr'>quae</span> <span class='ocrx_word' id='word_1_111' title='bbox 1427 2239 1494 2284; x_wconf 82' lang='lat' dir='ltr'>in·</span> 
     </span>
     <span class='ocr_line' id='line_1_19' title="bbox 80 2324 1493 2389; baseline -0.006 -17"><span class='ocrx_word' id='word_1_112' title='bbox 80 2339 221 2372; x_wconf 87' lang='lat' dir='ltr'>eunte</span> <span class='ocrx_word' id='word_1_113' title='bbox 254 2324 401 2388; x_wconf 80' lang='lat' dir='ltr'>capite</span> <span class='ocrx_word' id='word_1_114' title='bbox 437 2326 532 2372; x_wconf 58' lang='lat' dir='ltr'>X—VI.</span> <span class='ocrx_word' id='word_1_115' title='bbox 563 2325 876 2389; x_wconf 80' lang='lat' dir='ltr'>pronunciata</span> <span class='ocrx_word' id='word_1_116' title='bbox 914 2324 1309 2388; x_wconf 86' lang='lat' dir='ltr'>sequentibusque</span> <span class='ocrx_word' id='word_1_117' title='bbox 1345 2335 1493 2365; x_wconf 82' lang='lat' dir='ltr'>exem-</span> 
     </span>
     <span class='ocr_line' id='line_1_20' title="bbox 82 2398 1494 2470; baseline -0.006 -19"><span class='ocrx_word' id='word_1_118' title='bbox 82 2405 170 2470; x_wconf 91' lang='lat' dir='ltr'>plis</span> <span class='ocrx_word' id='word_1_119' title='bbox 206 2404 428 2469; x_wconf 83' lang='lat' dir='ltr'>explicata</span> <span class='ocrx_word' id='word_1_120' title='bbox 465 2416 575 2462; x_wconf 78' lang='lat' dir='ltr'>erat,</span> <span class='ocrx_word' id='word_1_121' title='bbox 607 2404 876 2450; x_wconf 84' lang='lat' dir='ltr'>seutentiam</span> <span class='ocrx_word' id='word_1_122' title='bbox 910 2405 1041 2469; x_wconf 84' lang='lat' dir='ltr'>quasi</span> <span class='ocrx_word' id='word_1_123' title='bbox 1068 2401 1222 2450; x_wconf 88' lang='lat' dir='ltr'>denuo</span> <span class='ocrx_word' id='word_1_124' title='bbox 1256 2398 1494 2462; x_wconf 84' lang='lat' dir='ltr'>colligere,</span> 
     </span>
     <span class='ocr_line' id='line_1_21' title="bbox 80 2475 1494 2541; baseline -0.006 -11"><span class='ocrx_word' id='word_1_125' title='bbox 80 2497 132 2530; x_wconf 84' lang='lat' dir='ltr'>ut</span> <span class='ocrx_word' id='word_1_126' title='bbox 153 2483 201 2530; x_wconf 90' lang='lat' dir='ltr'>h.</span> <span class='ocrx_word' id='word_1_127' title='bbox 224 2484 256 2532; x_wconf 92' lang='grc'>1.</span> <span class='ocrx_word' id='word_1_128' title='bbox 281 2483 339 2532; x_wconf 83' lang='lat' dir='ltr'>sit</span> <span class='ocrx_word' id='word_1_129' title='bbox 373 2475 832 2540; x_wconf 71' lang='grc' dir='ltr'><em>ἀνακεφαλαίωσιςς</em></span> <span class='ocrx_word' id='word_1_130' title='bbox 868 2483 1024 2530; x_wconf 82' lang='lat' dir='ltr'>addita</span> <span class='ocrx_word' id='word_1_131' title='bbox 1058 2498 1209 2530; x_wconf 81' lang='lat' dir='ltr'>tamen</span> <span class='ocrx_word' id='word_1_132' title='bbox 1237 2496 1359 2526; x_wconf 82' lang='lat' dir='ltr'>nova</span> <span class='ocrx_word' id='word_1_133' title='bbox 1385 2494 1494 2541; x_wconf 86' lang='lat' dir='ltr'>qua-</span> 
     </span>
     <span class='ocr_line' id='line_1_22' title="bbox 85 2557 1495 2627; baseline -0.006 -19"><span class='ocrx_word' id='word_1_134' title='bbox 85 2560 195 2608; x_wconf 89' lang='lat' dir='ltr'>dam</span> <span class='ocrx_word' id='word_1_135' title='bbox 234 2590 293 2597; x_wconf 95' lang='lat'><strong>—</strong></span> <span class='ocrx_word' id='word_1_136' title='bbox 327 2562 385 2608; x_wconf 90' lang='lat' dir='ltr'>de</span> <span class='ocrx_word' id='word_1_137' title='bbox 425 2582 518 2627; x_wconf 87' lang='lat' dir='ltr'>qua</span> <span class='ocrx_word' id='word_1_138' title='bbox 557 2581 667 2610; x_wconf 89' lang='lat' dir='ltr'>mox</span> <span class='ocrx_word' id='word_1_139' title='bbox 705 2563 871 2611; x_wconf 82' lang='lat' dir='ltr'>dicturi</span> <span class='ocrx_word' id='word_1_140' title='bbox 904 2581 1062 2610; x_wconf 85' lang='lat' dir='ltr'>sumus</span> <span class='ocrx_word' id='word_1_141' title='bbox 1090 2591 1154 2600; x_wconf 90' lang='lat'>—-</span> <span class='ocrx_word' id='word_1_142' title='bbox 1189 2557 1495 2608; x_wconf 80' lang='lat' dir='ltr'>conclusione.</span> 
     </span>
    </p>

    <p class='ocr_par' dir='ltr' id='par_1_7' title="bbox 177 2639 1496 2706">
     <span class='ocr_line' id='line_1_23' title="bbox 177 2639 1496 2706; baseline -0.002 -19"><span class='ocrx_word' id='word_1_143' title='bbox 177 2639 245 2688; x_wconf 85' lang='lat' dir='ltr'>At</span> <span class='ocrx_word' id='word_1_144' title='bbox 286 2657 399 2688; x_wconf 85' lang='lat' dir='ltr'>vero</span> <span class='ocrx_word' id='word_1_145' title='bbox 443 2641 532 2704; x_wconf 84' lang='lat' dir='ltr'>&lt;id</span> <span class='ocrx_word' id='word_1_146' title='bbox 566 2641 697 2706; x_wconf 90' lang='lat' dir='ltr'>quod</span> <span class='ocrx_word' id='word_1_147' title='bbox 739 2643 785 2688; x_wconf 89' lang='lat' dir='ltr'>in</span> <span class='ocrx_word' id='word_1_148' title='bbox 829 2641 1164 2691; x_wconf 84' lang='lat' dir='ltr'>Ruhnkenium</span> <span class='ocrx_word' id='word_1_149' title='bbox 1198 2639 1338 2698; x_wconf 89' lang='lat' dir='ltr'>dico)</span> <span class='ocrx_word' id='word_1_150' title='bbox 1381 2648 1496 2698; x_wconf 86' lang='lat' dir='ltr'>quae</span> 
     </span>
    </p>
   </div>
   <div class='ocr_carea' id='block_1_6' title="bbox 87 2717 1497 2824">
    <p class='ocr_par' dir='ltr' id='par_1_8' title="bbox 87 2717 1497 2824">
     <span class='ocr_line' id='line_1_24' title="bbox 87 2717 1497 2784; baseline -0.004 -19"><span class='ocrx_word' id='word_1_151' title='bbox 87 2717 232 2766; x_wconf 89' lang='lat' dir='ltr'>modo</span> <span class='ocrx_word' id='word_1_152' title='bbox 301 2718 423 2767; x_wconf 87' lang='lat' dir='ltr'>dicta</span> <span class='ocrx_word' id='word_1_153' title='bbox 476 2734 611 2768; x_wconf 82' lang='lat' dir='ltr'>erant</span> <span class='ocrx_word' id='word_1_154' title='bbox 678 2721 951 2768; x_wconf 79' lang='lat' dir='ltr'>excellentia</span> <span class='ocrx_word' id='word_1_155' title='bbox 1020 2718 1233 2784; x_wconf 69' lang='lat' dir='ltr'>ingeni-⁵1,</span> <span class='ocrx_word' id='word_1_156' title='bbox 1290 2732 1339 2762; x_wconf 86' lang='lat' dir='ltr'>ea</span> <span class='ocrx_word' id='word_1_157' title='bbox 1399 2728 1497 2760; x_wconf 84' lang='lat' dir='ltr'>uon</span> 
     </span>
     <span class='ocr_line' id='line_1_25' title="bbox 1210 2788 1227 2824; baseline 0 0"><span class='ocrx_word' id='word_1_158' title='bbox 1210 2788 1227 2824; x_wconf 78' lang='lat'>1</span> 
     </span>
    </p>
   </div>
  </div>
 </body>
</html>
