1715 3117
1420 209 1481 244 vu

75 321 162 367 hoc
199 319 335 374 modo
358 313 649 388 ἀρχετύπου
688 318 841 367 studio
880 319 1009 383 leges
1048 321 1390 382 scripserimus?
1418 348 1480 355 -—

78 394 167 443 Cui
218 403 270 442 ut
319 412 454 459 quam
497 394 834 442 accuratissime
869 393 1253 457 respondeamus,
1317 394 1478 444 dicturi

78 488 236 518 sumus

74 614 164 671 De
201 615 435 683 critico,
494 613 592 687 qui
633 633 784 669 nunc
824 617 1049 681 exstat,
1090 612 1164 668 ad
1203 612 1486 675 Velleium

620 693 930 763 apparatu.

193 785 366 831 Beatus
404 782 660 829 Rhenanus
699 780 1073 829 Seletstadiensis
1112 799 1258 842 anno,
1302 790 1351 829 ut
1390 784 1486 846 ipsc

81 867 212 925 putat
235 857 311 927 *),
348 858 552 906 MDxV
590 859 636 903 in
676 857 899 904 coenobio
922 857 1328 905 Benedictinorum
1360 857 1490 904 Mur-

82 935 295 994 hamensi,
357 934 404 979 in
442 931 624 983 Alsatia
665 934 891 999 superiori
943 934 1057 992 sito,
1102 934 1289 981 invento
1334 931 1490 979 codic(¹

82 1009 352 1068 Velleiano,
397 1010 710 1074 quinquennio
756 1016 863 1073 post
900 1008 1110 1075 Basilcae
1151 1009 1272 1073 typis
1318 1006 1493 1054 Frobe-

83 1087 233 1136 nianis
292 1084 477 1132 excudit
528 1086 781 1148 principem
835 1084 1071 1146 scriptoris
1097 1079 1101 1089 ⁴
1129 1083 1390 1130 editionem.
1435 1110 1495 1118 -ss

87 1160 235 1210 Cuius
267 1159 480 1207 editionis
501 1162 771 1224 priusquam
804 1159 879 1206 vel
912 1158 1006 1204 ulla
1036 1159 1111 1205 vel
1149 1160 1302 1206 omnia
1344 1175 1494 1204 exem-

85 1236 161 1300 pla
208 1238 255 1281 in
301 1235 533 1298 publicum
578 1235 854 1299 prodfisent,
901 1234 1100 1279 Ioannes
1139 1231 1364 1279 Alhertus
1403 1234 1497 1278 Bu-

88 1311 235 1358 rerius
274 1328 428 1371 „casu
465 1312 670 1374 inspecto
709 1309 883 1357 recenti
919 1307 1040 1354 libro
1073 1308 1323 1355 erratulum
1355 1307 1498 1371 quod-

89 1387 234 1447 „dam
282 1385 611 1450 deprehendit,
660 1383 965 1433 leviusculum
1007 1383 1195 1448 quidem
1237 1382 1375 1442 illud,
1419 1381 1499 1429 scd

93 1462 250 1523 „adeo
300 1479 394 1508 non
456 1462 585 1522 leve,
655 1463 767 1526 quin
815 1459 1008 1524 dignum
1058 1459 1293 1507 videretur
1345 1457 1500 1504 obscr-

94 1545 268 1599 „vatuz
333 1546 472 1602 atque
513 1555 571 1585 ex
615 1537 704 1584 hoc
751 1553 843 1583 uno
883 1543 1063 1582 caetera
1101 1536 1252 1582 omnia
1296 1540 1502 1597 spectare

93 1615 318 1678 „eoepit‚
365 1621 596 1661 vetustum
633 1612 798 1661 Velleii
839 1610 1040 1659 codicem
1091 1628 1118 1657 a
1159 1610 1229 1658 Io.
1270 1607 1504 1655 Frobenio

96 1698 350 1753 „repetens
389 1691 540 1736 animo
590 1687 855 1734 conferendi
899 1688 1010 1733 eius.
1096 1684 1303 1734 Contulit
1340 1684 1505 1746 litaque

97 1765 369 1825 „Velleium
414 1784 439 1812 a
481 1766 629 1828 eapite
674 1761 838 1828 (quod
890 1761 1053 1826 aiunt)
1112 1777 1259 1824 usque
1293 1757 1370 1805 *ad
1417 1757 1506 1805 cal-

98 1843 274 1903 ‚9eem“
299 1841 384 1906 **).
468 1841 575 1901 Qua
611 1839 855 1887 collatione
889 1838 1012 1884 facta
1046 1854 1163 1900 quae
1195 1837 1251 1890 in,
1274 1833 1395 1880 libro
1429 1834 1508 1879 im·

98 1934 260 1982 presso
317 1915 681 1979 deprehenderat
738 1915 846 1961 vitia
908 1920 954 1960 et
1005 1919 1154 1958 errata
1205 1910 1348 1956 literis
1403 1925 1509 1955 con-

102 1994 292 2057 signans
322 1991 389 2038 illi
410 1991 577 2039 velleii
614 1990 802 2037 editioni
831 2005 938 2036 suas
973 1985 1378 2048 „Emendationes
1400 1982 1509 2030 Vel-

104 2068 277 2115 leianas
315 2084 371 2113 ex
409 2066 565 2114 codice
607 2065 828 2112 vetusto“
871 2061 1180 2110 annectendas
1218 2059 1403 2107 curavit.

217 2157 381 2218 Itaque
427 2154 501 2202 his
549 2154 744 2202 collatus
787 2160 885 2199 erat
921 2151 1066 2199 codex
1113 2149 1281 2198 Velleii
1320 2147 1511 2194 Murlm-

106 2232 277 2279 censis:
330 2238 375 2277 et
427 2229 484 2277 ab
536 2229 764 2276 Rhenano
816 2235 861 2274 et
910 2244 934 2272 a
976 2226 1186 2271 Bur-erio.
1300 2222 1395 2270 Sed
1445 2221 1515 2266 his

107 2306 272 2354 diebus
309 2307 637 2369 eognovimus,
686 2303 866 2350 tertiam
907 2318 1093 2365 quoquc
1133 2298 1337 2346 ciusdem
1381 2296 1516 2343 colla-

108 2383 277 2429 tionem
324 2383 580 2428 institntam
628 2380 785 2425 fuisse.
878 2377 997 2423 Dico
1050 2375 1249 2421 codicem
1293 2370 1518 2419 Ama—rba-

109 2456 346 2514 chianum‚
383 2455 594 2504 Basileae
631 2460 914 2501 asservatum
954 2460 998 2498 et
1026 2467 1173 2514 nuper
1200 2447 1256 2494 ab
1286 2450 1350 2494 10.
1386 2445 1520 2506 Casp.

109 2531 288 2580 Orellio
327 2530 384 2578 V.
420 2531 494 2578 Ill.
533 2529 704 2594 publici
755 2528 865 2574 iuris
910 2528 1092 2573 factum.
1186 2524 1271 2570 Est
1322 2522 1407 2567 hoc
1451 2538 1521 2564 cn-

195 2655 230 2703 ‘)
267 2655 345 2691 Vid.
376 2657 430 2690 ed.
457 2666 509 2699 pr.
541 2654 718 2698 praefsp.
739 2653 787 2687 11.

185 2711 230 2757 ⁸‘)
259 2711 347 2758 yid.
375 2712 468 2746 Vcll.
495 2709 548 2743 ed.
580 2710 697 2744 Rhcn.
728 2720 816 2752 ponc
843 2720 874 2751 p.
897 2708 955 2742 70.
