1715 3117
170 221 203 267 4

185 349 428 416 Euripidis
458 378 524 387 —-
562 366 809 414 nunquam
846 348 1063 395 seculum
1095 365 1363 412 superasse,
1407 350 1491 397 sed
1535 353 1617 414 (ut

183 431 331 497 ipsius
382 426 558 478 Vell'eii
601 429 756 476 verbis
815 427 947 492 utar)
1014 427 1176 489 „adeo
1230 427 1426 494 quidem
1482 430 1616 478 artati

184 526 292 560 sunt
315 511 365 573 2)
401 509 624 574 angustiis
663 522 960 576 temporum,
1012 522 1065 555 ut
1109 526 1250 556 nemo
1282 511 1507 557 memoria
1546 509 1615 566 di·

183 609 306 658 gnus
337 591 449 638 alter
483 592 539 637 ab
577 590 725 636 altero
763 589 910 637 videri
942 589 1280 654 nequiverint.“

314 672 389 719 De
423 669 759 735 significatione
797 668 1015 725 vocabuli
1048 671 1431 715 emolumentum
1458 667 1614 716 Krau-

183 754 276 802 sius
315 766 438 809 recte
473 749 682 798 conferri
715 749 847 796 iubet
877 748 1072 795 alteram
1109 749 1268 813 capitis
1303 750 1363 795 16-
1395 767 1614 814 paragra-

181 833 347 899 phum.
420 831 606 878 Dicitur
634 829 756 876 enim
783 828 829 875 h.
855 829 885 875 l.
916 828 1109 875 lucrum
1135 826 1267 892 quod
1294 828 1615 892 progressibus

179 915 313 962 factis
353 911 616 977 percipiant
651 908 1017 956 eminentissima
1053 907 1279 972 cuiusque
1315 907 1615 972 professionis

179 993 380 1058 ingenia.
473 990 666 1054 Quippe
704 988 960 1034 imitatione
1001 1004 1222 1048 aceensa,
1273 987 1489 1034 stimulos
1528 988 1615 1034 sibi

177 1073 383 1122 invicem
420 1070 672 1117 admovere
705 1082 932 1132 putantur
960 1071 1023 1129 3).

309 1153 384 1200 De
405 1149 718 1216 diplomaticis
746 1147 1031 1212 argumentis
1059 1158 1332 1211 quaerentes
1352 1145 1610 1208 attendant,

179 1235 332 1292 velim,
364 1231 551 1280 facilem
587 1228 883 1293 syllabae'ex
922 1226 970 1271 in
997 1244 1052 1270 re
1087 1224 1432 1272 convertendae
1462 1239 1611 1273 muta-

174 1317 363 1364 tionem.
447 1308 617 1374 Neque
660 1307 800 1354 etiam
848 1305 1060 1368 negabit,
1096 1304 1295 1369 opinor,
1347 1305 1611 1370 quisquam,

177 1395 311 1444 verbi
343 1408 599 1455 nunquam.
642 1385 983 1451 compendium
1002 1388 1052 1448 4)
1084 1401 1333 1449 perperam
1367 1385 1461 1432 sive
1499 1386 1612 1433 scri-

132 1509 141 1514 —-
175 1490 312 1541 ptum
347 1474 442 1522 sive
472 1473 650 1518 lectum
674 1469 721 1515 in
758 1466 824 1525 id,
865 1464 996 1531 quod
1033 1477 1200 1526 exstat,
1236 1483 1334 1527 mq.
1362 1465 1525 1511 abiisse
1550 1467 1608 1529 5).

229 1619 274 1668 ²)
307 1621 386 1660 lta,
421 1617 451 1652 εἰ
474 1628 534 1651 me
559 1614 686 1657 audis,
717 1611 878 1657 corriges
910 1611 1004 1645 haec
1032 1609 1210 1644 Editionis
1239 1609 1434 1654 principis:
1477 1610 1610 1653 „Adeo

313 1688 459 1734 quidem
502 1687 665 1719 artatum
709 1680 902 1726 angustiis.
935 1683 1160 1723 temporum,
1212 1682 1252 1712 ut
1288 1690 1394 1713 nemo
1431 1679 1610 1715 memoria

312 1758 444 1803 dignus
488 1755 582 1789 alter
621 1753 667 1786 ab
713 1751 829 1784 altero
866 1748 980 1782 videri
1020 1747 1257 1797 nequiverint.
1269 1749 1292 1765 “
1348 1747 1426 1782 Vid.
1453 1749 1519 1782 Ed.
1554 1761 1608 1794 pr.

311 1839 344 1871 p.
376 1826 437 1861 10.

235 1907 271 1956 3)
312 1909 370 1942 Ita
403 1925 457 1932 --
490 1908 530 1938 ut
557 1901 723 1946 exemplo
749 1904 832 1934 utar
862 1918 917 1923 -
954 1899 1079 1932 Cicero
1115 1910 1179 1943 pro
1207 1898 1285 1932 Mil.
1313 1910 1341 1932 c.
1366 1900 1433 1934 12:
1467 1899 1608 1944 „Boni,

313 1976 450 2021 inquit,
486 1974 587 2007 nullo
617 1971 864 2020 emolumento
889 1967 1129 2011 impelluntur
1147 1968 1200 2001 -ad
1226 1968 1415 2008 fraudem,
1450 1967 1608 2012 improbi

314 2056 421 2089 saepe
448 2042 606 2088 parvo.“
673 2041 721 2074 Et
745 2039 842 2072 idem
872 2037 977 2071 Fam.
1005 2037 1040 2072 7.
1068 2048 1121 2080 ep.
1144 2038 1191 2072 10
1223 2037 1269 2070 ad
1295 2037 1376 2070 fin.:
1425 2063 1447 2080 ‚‚
1459 2037 1499 2071 Si
1539 2037 1606 2072 tibi

311 2126 387 2148 esse
412 2113 449 2146 id
474 2111 718 2145 emolumento
743 2106 894 2141 sciam.“

232 2197 276 2247 ⁴)
304 2197 384 2231 vid.
427 2190 620 2230 Lexicon
659 2185 1002 2239 Diplomaticum,
1046 2184 1182 2223 studio
1231 2182 1404 2224 Joanm's
1441 2183 1608 2237 Ludolfi

323 2258 536 2299 Waltheri.
573 2256 800 2308 Gottinqae
822 2252 944 2293 1747.
973 2257 1142 2291 columna
1163 2258 1253 2293 233.
1309 2257 1358 2291 lis
1385 2260 1508 2291 autem
1527 2258 1607 2303 qui-

314 2336 381 2368 bus
406 2343 476 2366 non
496 2334 639 2376 praesto
668 2333 722 2363 est
741 2339 870 2362 aureus
895 2327 958 2361 ille
969 2326 1155 2361 Wallheri
1174 2325 1280 2365 liber,
1299 2327 1606 2367 commendamus,

315 2413 424 2448 quam
453 2401 498 2434 ad
524 2400 660 2432 calcem
689 2397 774 2431 libri
801 2395 1045 2437 adiunximus,
1072 2394 1271 2433 tabellam,
1303 2394 1426 2429 omnia
1451 2406 1605 2440 quorum

313 2469 535 2506 mentionem
553 2466 745 2500 fecerimus
773 2463 878 2509 signa
898 2461 1134 2506 diplomatica
1160 2461 1416 2507 lithographia
1435 2453 1605 2508 expressa

312 2539 553 2574 exhibentem.

233 2621 276 2675 ³)
309 2624 386 2661 Nisi
417 2632 558 2657 vererer
591 2631 635 2652 ne
664 2618 699 2652 in
732 2628 790 2650 me
819 2616 959 2650 dicutur
984 2616 1077 2660 quod
1094 2614 1228 2648 Falkio
1254 2617 1400 2648 auctore
1425 2614 1460 2648 in
1487 2614 1605 2658 philo-

314 2696 421 2740 logos
446 2693 634 2738 plerosque
667 2698 790 2722 omnes
815 2686 1000 2729 increpare
1034 2685 1176 2718 solebat
1201 2683 1405 2727 Goethius‚
1442 2684 1606 2728 pluribus

316 2772 551 2808 exponerem,
593 2769 658 2792 cur
689 2766 805 2800 neque
839 2752 1059 2789 Ruhnkenio
1094 2763 1208 2797 neque
1239 2752 1448 2787 Bul-manno
1486 2754 1529 2787 de
1561 2753 1605 2788 iia
