1715 3117
205 170 271 220 48

337 299 516 347 Rerum
552 317 577 346 a
614 298 665 349 C.
701 297 918 358 Caesare,
951 300 1219 355 libertatem
1253 301 1452 366 adepto,
1493 315 1643 366 gesta-

209 397 315 426 rum
355 395 464 425 eum
508 391 624 444 puto
669 378 888 426 ordinem
922 380 1088 442 fuisse,
1133 394 1185 428 ut
1225 381 1435 446 primum
1472 383 1665 447 piratas‘

207 459 335 506 cruci
382 459 604 520 affixerit,
636 457 825 504 'deinde
867 474 977 505 vero
1022 460 1144 524 regis
1191 462 1484 526 praefectum
1530 479 1642 526 pro·
1708 460 1709 463 ¹

205 540 356 589 vincia
411 540 587 605 quippe
642 557 785 604 quam
835 538 1001 586 Iunius
1057 553 1159 586 tum
1212 541 1446 589 obtineret
1496 559 1642 607 expu-

205 621 325 667 lerit.
393 620 520 667 Suet.
564 618 692 666 Caes.
719 623 759 665 4.
797 619 899 679 „ab
937 619 1142 681 Rhodo,
1177 620 1358 686 inquit,
1401 640 1496 687 quo
1540 641 1641 687 per·
1699 651 1701 654 <

204 700 418 748 tenderat
461 700 640 746 transiit
683 699 732 745 in
765 697 949 746 Asiam:
998 701 1271 766 auxiliisque
1307 703 1571 751 contractis,
1598 716 1643 750 et

202 781 442 846 praefecto
476 778 597 840 regis
628 778 872 842 provincia
907 779 1099 844 expulso
1133 794 1352 827 nutantes
1385 799 1442 828 ae
1475 780 1640 829 dubias
1705 811 1707 813 ·

204 861 407 909 civitates
442 858 633 906 retinuit
675 859 723 904 in
755 858 898 905 fide.“
1001 859 1123 906 Mihi
1170 860 1337 907 Iunius
1373 876 1503 909 metu
1532 880 1641 927 per·-
1706 913 1709 917 ,

204 942 357 988 culsus
406 941 703 1006 provinciam
743 958 874 986 suam
921 941 1161 1006 reliquisse
1206 941 1404 989 videtur.
1493 942 1640 990 Cuius

205 1021 395 1087 quidem
432 1035 599 1068 conata
630 1038 781 1085 quum
817 1034 860 1067 et
892 1020 1101 1086 alioquin
1133 1021 1314 1086 saepius
1342 1036 1445 1068 tum
1480 1023 1640 1087 piratis

205 1119 303 1149 non
319 1100 543 1157 extenditis
583 1100 664 1147 sed
700 1101 871 1148 necatis
907 1120 986 1148 sua
1023 1103 1180 1148 solum
1216 1103 1492 1149 auctoritate
1529 1121 1639 1150 usus

200 1182 329 1228 irrita
366 1182 478 1228 fecit
519 1181 696 1228 Caesar.
780 1180 954 1243 Vides,
1000 1200 1075 1229 me
1116 1184 1322 1247 primam
1359 1183 1523 1248 capitis
1556 1201 1638 1248 pe-

200 1260 387 1308 riodum
425 1261 490 1309 sie
524 1261 704 1326 legere:

342 1344 578 1404 Longam
621 1352 695 1389 est
734 1360 950 1389 narrare
990 1346 1115 1406 qaid
1161 1352 1210 1389 et
1252 1346 1444 1406 quoties
1483 1363 1637 1391 ausus

343 1425 433 1479 sit,
475 1432 660 1485 quanto
700 1440 849 1485 opere
886 1434 1067 1470 conata
1104 1426 1223 1480 eius,
1265 1427 1350 1486 qm·
1382 1425 1636 1471 obtinebat

343 1504 551 1560 Asiam,
615 1506 946 1565 magistratus
1000 1507 1054 1551 P.
1115 1506 1176 1552 R.
1226 1513 1365 1550 mota
1413 1523 1499 1551 sao
1552 1509 1635 1552 cle-

343 1587 462 1630 stitzc
468 1587 574 1632 erit.
587 1592 600 1613 ‘
606 1593 620 1613 ⁶

202 1663 379 1725 Motus,
405 1665 593 1730 opinor,
621 1664 648 1713 i.
674 1679 741 1711 est
763 1685 805 1730 q.
832 1664 1084 1728 impulsus,
1105 1664 1367 1720 instinctus,
1397 1678 1631 1712 nostrum:

199 1746 426 1792 Antrieb.
504 1745 614 1791 Huc
648 1746 776 1791 enim
816 1746 988 1792 referre
1025 1745 1136 1790 licet
1175 1761 1336 1790 onmes
1368 1744 1499 1791 locos
1529 1746 1631 1811 qui-

198 1827 284 1873 bus
322 1835 489 1872 motus
522 1842 612 1889 pro
652 1835 815 1873 oestro
857 1824 1041 1872 dictum
1078 1825 1181 1872 vult
1221 1824 1543 1871 Forcellinius.

579 2087 918 2148 GAPUT
975 2083 1253 2146 xxxl.

629 2197 715 2232 Vell.
736 2197 785 2242 ΙΙ,
811 2194 867 2231 48.
893 2193 998 2242 p.71.
1026 2195 1078 2230 ed.
1097 2195 1206 2229 Orell-

306 2296 401 2345 „Id
421 2299 555 2350 gyratis
592 2312 645 2337 an
673 2306 843 2350 accepto
880 2298 1034 2336 centies
1071 2295 1107 2335 S
1118 2295 1223 2335 -H
1258 2296 1339 2347 (sic)
1370 2297 1546 2347 fecerit,
1584 2303 1630 2336 ut

197 2367 447 2418 accepimus,
476 2368 518 2406 iu
541 2367 675 2406 medio
698 2366 1012 2420 relinquemus.“
1068 2370 1135 2403 Ed.
1161 2381 1214 2414 pr.
1238 2381 1272 2414 p.
1287 2370 1350 2406 33.

195 2517 441 2606 Egregie,
478 2556 529 2588 ut
566 2542 709 2602 solet,
757 2541 942 2606 Lipsius
974 2542 1112 2588 scribi
1160 2542 1292 2588 iubet
1339 2544 1626 2603 sexcenties,

196 2622 387 2669 Valerio
433 2621 641 2669 Maximo
690 2621 942 2687 Cassioque
989 2623 1143 2668 Dione
1190 2622 1456 2669 auctoribus
1503 2640 1627 2669 usus.

196 2701 415 2757 Quorum
469 2702 547 2750 hic
602 2702 763 2763 tradit,
828 2704 960 2751 omni
1018 2720 1123 2751 aere
1177 2704 1360 2764 alieno,
1416 2720 1511 2768 quo
1558 2704 1629 2749 in·
1689 2695 1709 2767 :3
