1715 3117
1441 214 1498 261 15

224 331 402 380 Tabula
441 346 593 381 autem
627 351 776 399 quum
809 350 866 380 ex
896 333 1216 382 emendatione
1250 349 1405 384 nostra
1443 339 1499 385 sit

91 413 248 461 tabula
277 413 515 461 coloribus
550 412 695 478 picta,
734 411 812 460 hic
845 413 940 460 loci
976 430 1134 461 sensus
1164 415 1335 463 evadit:
1381 416 1499 481 Pug-

93 510 181 540 nae
208 493 483 540 memoriam
521 505 565 539 et
591 492 894 557 inscriptione
931 495 1089 559 templi
1120 496 1240 559 posti
1269 497 1419 557 affixa,
1457 511 1502 545 et

90 573 247 620 tabula
286 573 334 619 in
382 589 489 619 area
538 574 622 618 sub
661 573 915 637 porticibus
957 573 1189 638 pendente
1225 593 1501 641 pugnaeque

91 653 347 718 imaginem
380 655 606 701 referente
641 667 871 701 servatam
906 671 1014 701 esse.

223 779 522 827 Vocabulum
548 782 698 826 lzoclie
730 798 879 844 quum
917 779 975 827 ad
1005 781 1157 844 ipsum
1195 783 1388 829 verbum
1416 785 1502 842 as-

74 860 194 918 fixa
223 860 480 929 pertineat,
520 876 606 906 suo
648 860 755 906 loe'o
785 873 905 906 stare
935 859 1137 910 videtur.

220 984 301 1032 Ad
330 987 476 1033 finem
515 986 676 1051 capitis
709 1002 1000 1050 progressus,
1036 1002 1131 1032 non
1167 1003 1357 1049 possum
1391 985 1504 1050 quin

90 1065 269 1128 signem
312 1066 516 1126 calamo,
559 1063 801 1130 quomodo
841 1081 957 1128 quae
994 1063 1126 1111 initio
1163 1065 1297 1130 posui
1334 1064 1505 1112 codicis

93 1143 235 1190 verba
264 1142 543 1206 corrigenda
577 1157 762 1208 putem:

225 1267 364 1316 Adeo
421 1268 548 1315 enim
600 1268 727 1334 Sylla
779 1267 1006 1314 dissimilis
1067 1268 1153 1314 fuit
1202 1268 1399 1315 bellator
1452 1286 1507 1315 ac

94 1349 269 1408 victor,
318 1361 369 1394 ut
419 1346 536 1394 dum
588 1349 827 1407 vinceret,
881 1348 1132 1395 iustissimo
1179 1348 1357 1408 leuior,
1404 1362 1508 1414 post

94 1427 335 1474 victoriam
372 1427 534 1474 audito
573 1427 716 1474 fuerit
751 1427 1007 1476 crudelior.
1081 1426 1205 1474 Nam
1249 1442 1293 1474 et
1325 1427 1505 1475 Consu-

93 1506 189 1552 lem
224 1506 293 1567 (ut
320 1506 652 1572 praediximus)
688 1516 1000 1553 exarmatam
1035 1508 1366 1570 Quintumque
1400 1507 1506 1554 Ser-

92 1586 268 1633 torium
309 1585 467 1652 (proh
508 1588 670 1653 quanti
715 1604 823 1634 mox
855 1588 969 1633 belli
1002 1588 1205 1647 faceml)
1249 1601 1293 1633 et
1331 1588 1507 1634 multos

94 1667 231 1728 alios,
274 1668 448 1733 potitus
493 1686 659 1715 eorum
699 1667 873 1714 dimisit
910 1667 1188 1714 incolumes:
1237 1665 1406 1733 credo,
1453 1680 1506 1712 ut

94 1745 143 1794 in
182 1746 349 1794 eodem
378 1747 570 1794 homine
601 1747 800 1813 duplicis
827 1766 879 1793 ac
906 1746 1198 1793 diversissimi
1226 1745 1368 1792 animi
1393 1762 1505 1792 con-

94 1826 350 1891 spiceretur
390 1829 674 1893 exemplum.
755 1827 862 1873 Post
892 1827 1157 1885 victoriam,
1195 1844 1284 1890 qua
1314 1824 1505 1871 descen-

95 1905 210 1953 dens
246 1905 540 1970 (defendens
553 1907 605 1971 P)
643 1921 847 1954 montem
879 1905 1028 1952 Tifata
1064 1924 1173 1952 cum
1202 1903 1253 1949 C.
1274 1902 1506 1951 Norbano

96 1994 398 2034 concurrerat
421 1988 553 2035 Sulla
592 2001 744 2051 grates
775 1987 967 2047 Dianae,
1003 1985 1134 2032 cuius
1161 1983 1345 2032 numini
1378 1983 1505 2047 regio

95 2064 169 2110 illa
200 2078 372 2112 sacrata
410 2080 502 2127 est,
536 2066 682 2114 solvit.

507 2291 842 2351 CAPUT
878 2289 1092 2351 V111.

668 2386 755 2421 νου.
790 2386 838 2426 11,
879 2382 937 2419 26.

771 2474 882 2486 ,ή-..ἑ

96 2532 167 2603 Iis
206 2575 325 2622 quae
361 2557 504 2604 modo
535 2567 885 2620 praecesserunt
925 2571 1011 2617 pro
1051 2552 1223 2599 viribus
1260 2547 1502 2596 ostendere

98 2638 398 2697 conabamur,
432 2635 687 2701 legendum
717 2651 814 2681 esse
848 2636 901 2679 in
933 2649 1056 2678 area
1082 2633 1289 2676 interna.
1366 2626 1502 2673 Nunc

97 2716 186 2762 iam
224 2715 284 2763 ad
311 2716 555 2781 sequentia
589 2714 798 2762 animum
830 2724 1169 2759 convertamus.
