1715 3117
194 212 256 260 76

191 338 309 385 iram
355 336 720 401 violentiamque
759 335 854 382 eius
894 351 1183 382 excessuram
1223 333 1400 403 fuisse?
1468 336 1616 401 Atqui

193 430 405 483 apparet,
439 416 554 480 quid
585 416 641 463 sit
671 416 721 463 in
751 415 846 480 hoc
877 415 1348 481 locutioneverbum
1378 416 1612 463 excedere.

305 513 460 574 Atque
501 494 715 557 Go'euius
755 509 814 556 V.
852 510 911 557 D.
959 510 1024 556 sic
1057 509 1214 556 vertit:
1277 511 1461 569 „Doch
1490 513 1617 571 ging

193 595 283 638 der
308 610 360 638 so
393 595 466 653 ost
481 594 701 653 gereizte
724 592 858 635 Zom
884 593 969 635 des
991 590 1210 634 Fic‘rsten
1235 591 1372 635 niclzt
1397 592 1615 636 weiterf‘

190 671 442 720 Enimvero
484 689 600 735 quae
647 670 786 734 vulgo
822 669 1045 733 leguntur
1086 668 1332 715 vernacule
1384 670 1421 715 si
1462 668 1617 716 reddi-

191 770 322 811 mus,
363 751 480 797 haec
512 764 639 797 sunt:
687 749 784 797 Der
814 750 942 795 Zorn
982 749 1095 813 ging
1133 767 1185 795 so
1219 752 1362 804 weit,
1405 748 1504 795 dass
1527 763 1613 796 etc.

191 850 308 897 quae
332 846 485 878 tamen
515 831 737 896 quoniam
767 831 924 894 inepta
955 843 1064 875 sunt.
1089 829 1425 890 emendemus,
1456 829 1494 875 si
1526 847 1617 895 qua

188 912 292 958 fieri
345 924 524 976 potest,
583 911 976 973 corrigamusque.
1070 909 1233 973 Itaque
1293 896 1408 955 haec
1463 909 1616 956 habeo

146 990 154 996 ⁸
190 1008 308 1056 quae
345 993 552 1038 offeram.
625 990 816 1055 Syllaba
856 1008 914 1035 ex
947 990 993 1035 in
1029 1007 1083 1034 re
1121 1002 1295 1035 mutata
1335 990 1613 1035 scribamus:

321 1086 428 1146 „In
462 1087 555 1131 hoc
602 1094 770 1130 tamen
805 1101 954 1145 saepe
998 1085 1218 1129 lacessiti
1251 1085 1502 1145 principis
1546 1082 1615 1129 ira

320 1167 566 1220 recessit,
619 1172 673 1208 ut
712 1165 938 1209 censoria
971 1164 1148 1224 potius
1193 1172 1448 1209 contentas
1496 1172 1616 1208 nota

324 1261 474 1306 quam
505 1244 943 1288 animadversione
985 1244 1254 1287 dictatoria
1287 1252 1617 1288 summoveret

322 1342 406 1370 eos
440 1341 472 1368 a
501 1325 635 1384 re]).“

188 1420 363 1466 Sensus
403 1429 489 1463 est:
546 1416 762 1461 Attamen
812 1414 865 1460 ab
906 1413 1003 1477 ipsa
1042 1413 1138 1459 irae
1179 1415 1428 1477 eruptione
1467 1434 1616 1481 usque

190 1499 250 1546 ad
286 1495 741 1544 animadversionem
778 1512 869 1557 qua
909 1494 976 1539 illi
1008 1495 1311 1553 satisfaceret,
1347 1496 1394 1542 in
1431 1510 1616 1543 tantum

190 1578 485 1625 defervuerat
515 1576 648 1621 furor
679 1574 800 1633 eius,
835 1586 887 1618 ut
921 1573 1126 1619 censoria
1167 1588 1413 1622 contentus
1451 1591 1561 1623 nota
1591 1596 1616 1624 a

193 1676 291 1724 rep.
333 1671 514 1704 tantum
549 1667 809 1702 removeret
840 1670 959 1717 quos
993 1652 1241 1700 dictatorio
1273 1654 1472 1719 imperio
1507 1675 1616 1704 usus

191 1738 354 1804 capitis
390 1735 612 1782 damnare
642 1734 879 1799 potuisset.

323 1832 484 1888 Quare
514 1841 566 1874 ut
601 1845 743 1891 supra
782 1844 880 1890 cap.
915 1825 1066 1889 primo
1104 1827 1332 1891 syllabam
1362 1846 1418 1874 re
1454 1829 1502 1875 in
1542 1847 1615 1891 ex,

189 1911 236 1960 h.
266 1913 297 1958 l.
332 1911 560 1976 syllabam
595 1926 652 1953 ex
682 1907 729 1952 in
765 1924 820 1952 re
854 1905 1184 1969 corrigendam
1219 1921 1448 1972 putamus.

323 2004 547 2050 Ceterum
591 2020 734 2066 quam
769 1999 914 2047 modo
953 2000 1001 2046 in
1047 1999 1256 2047 medium
1295 2001 1470 2066 protuli
1504 2019 1616 2050 con-

191 2088 418 2134 iecturam
446 2081 573 2128 haud
604 2081 698 2127 scio
734 2098 793 2126 an
830 2097 927 2127 non
950 2079 1158 2127 Orellius
1189 2081 1286 2146 ipse
1319 2099 1408 2146 pro
1437 2098 1490 2128 ea
1523 2101 1615 2147 qua

192 2180 260 2212 est
291 2163 578 2210 humanitate
611 2161 902 2224 praelaturus
920 2159 993 2227 ¹sit
1025 2177 1159 2206 suae:
1208 2157 1447 2211 discessil,
1524 2161 1627 2210 Cui'*

193 2245 331 2292 nimis
367 2243 516 2289 multa
546 2239 808 2304 supplenda
846 2252 966 2285 sunt.

330 2339 391 2383 In
426 2337 519 2381 lzoc
562 2347 717 2380 autem
761 2347 924 2396 quarto
974 2349 1070 2378 non
1117 2345 1243 2380 sexto
1287 2351 1395 2380 casu
1436 2333 1616 2383 dictum

193 2434 314 2476 esse,
358 2415 603 2462 confirmat
644 2412 772 2475 quod
806 2411 867 2473 ΙΙ,
894 2414 968 2459 80.
999 2429 1040 2458 2.
1071 2412 1263 2476 legitur3
1313 2415 1415 2474 „In
1452 2416 1510 2461 id
1546 2415 1618 2461 fu-

194 2496 313 2543 roris
346 2495 678 2559 processerat.“
1205 2482 1209 2486 ⁴

1710 2081 1715 2100 ΔΑ
1707 1905 1715 2074 mss—
1706 1810 1715 1899 ffl
1710 1751 1715 1805 ,ΑῌΑψ
