1715 3117
1445 208 1502 252 17

10 338 16 372 Ι
79 326 338 384 Rhenanus
363 325 494 374 dedit
522 327 966 390 interpunctionem,
997 345 1136 391 quam
1162 327 1338 388 dicunt,
1371 348 1500 394 prae-

81 404 222 454 beat?
301 404 397 453 Sed
435 421 589 453 tamen
628 405 823 451 minime
867 420 1060 470 propter
1096 409 1240 454 solam
1276 409 1398 456 hanc
1433 412 1501 457 in-

79 485 482 550 terpunctionem,
517 499 681 549 utpote
717 502 772 531 ex
800 485 904 549 ipso
936 485 1100 532 codice
1136 501 1305 543 ortam,
1357 508 1503 537 anno-

26 546 27 560 *
81 567 277 613 tationes
316 566 438 626 illae,
474 583 588 630 quas
627 582 712 629 pro
752 565 1039 628 argumentis
1073 567 1225 630 posuit
1259 568 1503 630 Krausius,

79 646 280 711 scriptae
320 659 439 693 sunt.
535 643 681 701 Quod
729 644 839 710 ipsis
890 643 1072 691 Burei-ii
1125 647 1273 692 verbis
1313 647 1506 697 demon-

81 740 303 774 stremus:

218 826 343 888 ‚,‘Ad
376 845 479 891 pag.
502 828 563 873 60
605 843 698 874 ver.
732 828 774 872 5.
822 836 1064 888 quantum
1108 829 1159 872 in
1192 829 1316 873 llaec
1351 831 1506 885 vides,

86 910 345 969 Principes
363 906 454 954 &a
523 907 604 953 Ex.
640 919 729 953 vet.
765 905 830 952 sic
865 905 1029 966 habct,
1065 905 1111 952 ὅ(
1148 920 1270 953 recte
1302 907 1509 971 quidem,

82 1001 135 1034 ut
169 986 284 1035 mihi
304 987 510 1034 ¹videtur.
579 985 760 1049 Accipe
795 1004 926 1032 nunc
958 985 1023 1031 Μ.
1059 987 1219 1033 Vinici
1251 1000 1428 1034 tantum
1461 989 1509 1034 in

84 1065 210 1113 bello
258 1065 460 1125 ducem,
510 1079 741 1131 quantum
787 1065 833 1112 in
883 1082 997 1129 pace
1043 1065 1172 1113 vides
1210 1069 1507 1129 principem.

84 1146 263 1193 Iunctis
300 1145 579 1192 exercitibus
611 1144 734 1192 &c.“
787 1185 796 1194 .

217 1246 383 1302 Paullo
420 1248 683 1294 accuratius
715 1248 959 1312 utriusque
996 1262 1040 1294 et
1081 1246 1161 1294 Ed.
1204 1249 1430 1314 principis
1468 1264 1513 1296 et

84 1326 372 1374 Burerianae
408 1327 727 1374 annotationis
764 1327 1015 1374 lectionem
1059 1328 1258 1374 intuenti
1295 1344 1515 1392 patescet,

83 1405 339 1452 But-crium
375 1419 419 1452 et
451 1406 561 1466 hoc,
599 1423 742 1471 quem
773 1407 1062 1471 transcripsi,
1101 1422 1147 1453 et
1175 1408 1333 1468 altero,
1374 1426 1515 1474 quem

85 1485 314 1535 Krausius
357 1500 721 1546 commemorat,
777 1487 882 1533 loco
932 1487 1143 1533 lectionis
1190 1487 1514 1536 tantummodo

85 1564 357 1613 varietatem
405 1565 464 1612 de
503 1583 635 1612 more
680 1584 764 1612 suo
824 1579 1089 1625 annotasse,
1152 1568 1517 1632 interpunctioni

87 1663 202 1694 vero
237 1646 407 1705 tacite,
454 1645 621 1692 eodem
660 1664 754 1710 quo
789 1645 1043 1692 Rhenanus
1079 1647 1180 1692 iure
1216 1665 1379 1706 usum,
1420 1667 1516 1694 ma-

89 1744 204 1771 num
255 1725 622 1772 emendatricem
668 1724 943 1772 admovisse.
987 1755 1054 1762 ——-
1121 1726 1199 1772 Ad
1233 1745 1334 1790 pag.
1368 1729 1428 1774 60
1467 1728 1518 1774 id

80 1791 320 1870 ‘imprimis
357 1806 543 1868 agebat,
580 1818 630 1850 ut
664 1803 958 1864 ostenderet,
1000 1823 1092 1852 non
1123 1808 1401 1868 principes,
1436 1806 1519 1853 sed

79 1886 396 1947 principem,
432 1883 491 1930 ad
527 1901 629 1947 pag.
652 1888 710 1943 47
749 1885 836 1931 v.6
876 1883 944 1946 (ΙΙ
972 1887 1028 1930 25
1056 1888 1192 1942 extr.)
1227 1883 1298 1943 id,
1336 1898 1388 1930 ut
1419 1903 1520 1932 mo-

94 1977 254 2024 neret,
286 1982 386 2011 <non
435 1967 613 2025 „intra
641 1967 862 2010 aeclem“
897 1963 979 2010 sed
1016 1966 1255 2019 „interea
1293 1967 1521 2010 deinde“

90 2044 147 2090 ab
185 2044 287 2108 ipso
323 2043 489 2091 codice
523 2043 829 2108 suppeditari.

226 2159 410 2216 Quodsi
463 2159 634 2206 talibus
690 2159 975 2223 argumentis
1040 2159 1332 2223 integerrimi
1392 2159 1522 2205 Beati

90 2239 309 2287 Rhenani
344 2239 489 2286 fidem
518 2239 798 2303 impugnare
828 2240 1018 2298 liceret,
1050 2239 1244 2299 eodem,
1285 2255 1343 2284 ne
1369 2238 1521 2284 dicam

91 2320 284 2380 maiore,
308 2320 410 2366 iure
436 2336 801 2384 provocaremus
822 2318 880 2365 ad
899 2337 966 2380 ea,
1006 2337 1125 2384 quac
1149 2319 1208 2365 ad
1233 2323 1407 2383 pag.47
1433 2336 1473 2364 v.
1492 2321 1519 2363 5

94 2398 260 2447 docuit
280 2399 522 2446 Burerius.
600 2399 696 2446 Sed
726 2399 821 2446 hoc
844 2417 1034 2464 quoque
1067 2401 1174 2447 loco
1209 2399 1448 2444 absentem
1471 2398 1518 2442 in

90 2479 196 2527 cod.
221 2479 379 2526 Murb.
401 2479 622 2544 copulam
645 2480 751 2527 voci
775 2498 927 2541 agros
950 2479 1301 2552 adhaerentem,
1326 2478 1519 2523 minime

95 2560 355 2606 variantem
425 2560 867 2623 interpunctionem
929 2573 1138 2605 notatam
1206 2575 1300 2604 esse
1369 2556 1520 2602 nullus

95 2635 276 2686 dubito.
362 2636 425 2686 Et
459 2637 579 2685 nihil
614 2652 707 2700 est,
746 2637 887 2708 quod1
915 2638 1240 2686 animadvertit
1274 2636 1521 2684 Krausius:

98 2734 164 2775 ‚,s.
193 2716 313 2764 inter
339 2731 474 2765 notas
496 2735 821 2778 numerorum,
864 2736 899 2766 s.
914 2733 1018 2782 post
1043 2717 1329 2765 abbreviatas
1355 2718 1522 2760 voces“

1145 2789 1168 2826 2
