1715 3117
1437 236 1518 269 xx]

94 344 308 412 Apparet
344 349 393 394 in
426 346 638 412 exemplo
658 345 1013 411 Hamburgensi
1048 355 1212 410 quater
1245 347 1404 394 eadem
1426 346 1518 412 legi

95 440 215 489 quae
245 430 354 470 sunt
380 424 428 470 in
451 422 572 470 libro
593 422 880 485 Basileensi3
911 421 983 469 bis
1021 432 1174 470 autem
1206 422 1308 472 alia.
1376 422 1519 470 Nam·

96 516 187 564 que
238 499 285 545 in
331 498 476 546 Basil.
536 499 709 563 legitur
758 499 1095 563 Rescuporim‚
1154 499 1202 544 in
1252 497 1519 564 Hamburg.

94 574 449 642 Rhescuporim,
484 576 533 621 in
554 574 698 624 Basil.
721 575 983 635 «er-rutulum,
1021 575 1069 620 in
1093 572 1358 639 Hamburg.
1393 593 1519 624 erra·

92 652 257 699 tulum.
332 650 637 699 Berolinense
676 659 829 698 autem
880 649 1142 715 exemplum
1186 648 1258 697 bis
1299 649 1454 698 differt
1493 668 1519 699 a

92 726 377 787 Basileensi,
427 728 647 795 nimii-pm
680 724 806 789 fuste
843 726 1037 791 praebet
1079 733 1125 774 et
1166 726 1520 792 Rhescuporim.

94 803 223 850 Hinc
242 804 343 851 iure
366 804 624 870 meritoque
647 802 926 851 concludere
948 803 1088 863 licet,
1128 801 1375 850 editionem
1396 803 1521 866 prin·

93 881 243 944 cipem
284 879 446 927 iterata
489 881 589 927 vice
629 881 755 945 typis
794 895 889 926 non
931 896 1034 927 esse
1074 879 1351 942 exscriptam
1362 897 1376 942 3
1414 896 1520 925 nam

94 955 132 1003 si
165 957 336 1003 iterata
365 956 468 1003 vice
502 973 527 1003 e
550 955 682 1021 prelo
714 955 988 1020 prodiisset,
1030 954 1252 1012 eandem,
1293 972 1429 1020 quae,
1471 963 1524 1001 ut

95 1029 306 1079 Orellius
342 1031 527 1092 docuit,
563 1039 730 1097 quater
760 1033 957 1096 repetita
977 1031 1123 1078 fuisse
1149 1030 1356 1095 putanda
1382 1038 1522 1091 esset,

95 1125 151 1154 ex
187 1107 431 1155 collatione
460 1125 561 1155 mea
588 1110 733 1157 sexies
771 1108 1042 1172 impressam
1080 1124 1182 1154 esse
1211 1124 1434 1156 sumeres,

207 1204 430 1254 Ceterum
471 1205 597 1271 quod
629 1205 688 1252 ad
724 1223 822 1253 rem
852 1207 1001 1269 ipsam
1039 1204 1228 1264 attinet,
1267 1203 1523 1252 rectissime

95 1280 332 1329 Orellius:
373 1282 543 1342 „Cum
579 1289 756 1341 autem,
795 1281 973 1346 inquit,
1017 1279 1236 1346 plagulae
1287 1288 1522 1328 correctae

93 1358 221 1405 vario
274 1358 412 1406 modo
463 1375 567 1405 cum
619 1359 784 1405 ceteris
831 1358 1254 1421 permiscerentur,
1301 1356 1402 1403 fieri
1445 1355 1521 1403 de·

92 1432 218 1494 huit,
263 1443 316 1481 ut
366 1435 428 1480 ita
479 1435 713 1481 variarent
760 1433 887 1480 varia
933 1432 1149 1480 editionis
1198 1449 1268 1496 pr.
1311 1431 1521 1496 exempla

93 1509 482 1573 quemadmodum
525 1509 654 1557 vides
688 1526 746 1557 ex
784 1508 944 1556 tabula
985 1509 1259 1574 proposita“
1284 1508 1350 1573 ²²).

200 1608 357 1670 Quam
395 1626 492 1656 rem
530 1626 674 1673 quum
712 1607 864 1654 animo
906 1607 1193 1667 volutarem,
1244 1624 1270 1653 a
1313 1604 1520 1669 Georgio

92 1683 482 1745 Friedlaendem,
528 1683 841 1731 bibliothecae
875 1684 1032 1748 regiae
1068 1681 1384 1729 Berolinensis
1427 1679 1520 1728 Cu·

93 1759 225 1808 stode
267 1760 563 1820 doctissimo,
607 1760 720 1808 Viro
760 1777 965 1807 summae
1008 1759 1237 1807 comitatis
1278 1766 1324 1805 et
1360 1755 1520 1804 huma-

93 1836 279 1898 nitatis,
327 1836 637 1901 omnihusque
689 1837 770 1900 qui
807 1834 1140 1883 bibliothecam
1183 1835 1309 1881 illam
1349 1832 1521 1880 adeunt

94 1928 331 1978 nunquam
367 1931 462 1961 non
494 1913 686 1978 egregie
723 1911 1078 1976 comprobatae,
1114 1928 1198 1974 per
1227 1910 1386 1957 literas
1422 1926 1520 1956 eer-

92 1987 233 2035 tiores
279 1991 390 2037 facti
445 2007 634 2048 sumus,
685 1988 846 2052 primis
889 1996 996 2053 post
1043 1985 1404 2052 typographiam
1453 1985 1520 2031 in-

92 2070 278 2111 ventam
316 2063 606 2129 temporibus
648 2063 774 2110 haud
812 2079 920 2110 raro
958 2064 1108 2110 saetas
1148 2079 1250 2110 esse
1292 2059 1519 2109 eiusmodi

92 2137 319 2187 librorum
369 2142 700 2205 impressorum
752 2140 1078 2188 correctiones.
1187 2137 1339 2186 Simul
1390 2153 1519 2183 mon·

92 2217 259 2263 stravit
315 2215 427 2263 mihi
465 2215 695 2263 Ebertum
733 2217 782 2262 in
821 2216 969 2263 lexico
1006 2214 1067 2262 ad
1106 2231 1350 2261 numerum
1377 2210 1521 2260 7070

95 2298 142 2338 et
186 2290 366 2341 11189.
454 2292 522 2339 Et
571 2290 962 2339 Friedlaenderus
1009 2300 1055 2338 et
1097 2290 1155 2337 ad
1210 2308 1334 2338 num.
1377 2286 1521 2335 7070

93 2365 300 2415 Ebertus
353 2367 664 2416 correctiones
704 2367 809 2415 illas
859 2369 922 2415 ita
961 2367 1109 2414 factas
1146 2364 1422 2424 ostendunt,
1469 2371 1521 2410 ut

145 2489 182 2539 ⁸)
227 2490 269 2524 In
307 2502 358 2583 οἱ
380 2492 576 2583 quod4mlm
604 2491 859 2581 ·‘2:⁰nmlimu‘;⁹
900 2492 1074 2581 exemplpt
1095 2489 1313 2579 lolanssburgi·
1336 2491 1522 2578 {pseu-3:³0

306 2571 315 2579 .
436 2573 445 2581 .
962 2573 969 2580 .
1374 2555 1455 2577 nlen
1509 2561 1520 2566 ·

229 2549 388 2636 &gibuti
405 2541 1029 2648 {efieiaxffgeffiistgffrssng-
1056 2557 1346 2647 ean(140)ur5.r34
1374 2608 1429 2634 ne
1452 2593 1520 2632 de-

226 2651 328 2702 flere
351 2653 524 2706 quidem]
555 2669 609 2694 ex.
639 2660 711 2690 ret.
738 2657 866 2697 habet,
890 2667 964 2692 uec
987 2652 1138 2703 deflere
1163 2650 1333 2704 quidem.
1390 2654 1516 2687 Elucct

229 2711 421 2748 Burerium
467 2726 578 2760 quum
632 2712 913 2750 Emendationes
950 2711 1034 2747 illas
1076 2709 1332 2756 perscriberet,
1370 2705 1520 2753 plagula

225 2766 290 2802 illa
319 2768 432 2804 serint
458 2774 619 2806 correcta
650 2783 718 2805 non
747 2782 844 2807 usum
879 2778 968 2801 ‘'⁸02-
