1715 3117
187 219 251 263 22

328 343 429 391 Iam
474 342 684 392 dicamus
723 343 781 391 de
815 345 904 394 isto
941 343 1204 408 scripturae
1239 356 1508 392 monstrozx
1532 363 1636 392 mu-

189 427 455 473 siercmteO.
539 425 750 473 Primum
787 426 883 474 hoc
911 442 1100 490 quoque
1131 444 1185 472 ex
1227 426 1338 472 loco
1368 439 1495 490 patet
1526 427 1639 472 scri-

185 518 376 570 ptorem
410 505 569 554 Murb.
601 506 900 572 descripsisse
936 508 1201 570 exemplar,
1240 506 1288 552 in
1328 523 1422 570 quo
1457 506 1639 571 singula

187 587 329 635 verba
377 589 576 634 omnino
617 606 710 634 non
760 587 978 634 distincta
1022 600 1183 644 erant,
1233 586 1315 633 sed
1361 587 1543 647 omnia,
1586 599 1639 634 ut

186 667 241 714 fit
285 667 334 714 in
373 667 512 714 codd.
548 686 696 731 usque
747 669 807 715 ad
852 669 1106 716 saeculum³
1138 666 1359 716 octavum
1399 685 1637 715 nonumve

185 747 531 812 pertinentibus
569 751 676 811 1⁰),
726 767 827 797 uno
869 750 1042 813 scripta
1082 761 1261 796 tenore.
1346 748 1507 804 Quare
1541 748 1636 809 hic,

185 827 322 873 sicuti
370 846 406 875 e.
445 847 489 893 g.
539 846 640 893 cap.
675 847 734 892 72
780 830 816 894 ᾗ.
860 834 911 878 5.’
964 832 1128 878 falsam
1176 832 1429 877 verborum
1475 830 1638 877 distin-

187 908 393 955 ctionem
431 909 543 955 fecit
577 910 810 957 librarius.
883 912 1073 958 Etenim
1109 929 1255 975 quum
1289 911 1543 959 rectissime
1580 928 1636 957 ex

185 987 269 1035 illo
301 991 640 1035 masiercmteo
671 992 726 1036 ab
758 990 855 1036 aliis
882 994 897 1023 ¹
915 994 959 1048 l)
990 992 1168 1038 factum
1196 992 1253 1038 sit
1288 995 1366 1038 asi
1393 1001 1539 1038 erant
1561 1009 1634 1052 60,

188 1069 306 1117 mihi
341 1070 430 1116 alia
461 1071 600 1117 etiam
641 1082 695 1117 ut
723 1070 947 1119 adderem
980 1073 1255 1136 literamque
1292 1091 1342 1142 m
1373 1090 1460 1119 suo
1491 1074 1636 1120 verbo

187 1150 481 1198 restituerem
525 1151 738 1215 contigit.
841 1153 1031 1199 Etenim
1071 1153 1204 1200 litera
1237 1153 1316 1200 illa
1351 1171 1400 1198 m
1429 1153 1638 1216 pertinet

189 1228 250 1276 ad
290 1248 392 1277 voc.
429 1234 619 1293 spolia,
678 1230 809 1295 quod
852 1232 969 1278 nihil
1011 1245 1077 1279 est
1119 1233 1227 1280 nisi:
1276 1252 1473 1295 semper
1505 1236 1637 1282 olim.

191 1310 340 1368 Quod
392 1330 486 1358 non
533 1312 723 1376 negabit
767 1312 847 1376 qui
886 1313 1180 1373 meminerit,
1223 1325 1386 1361 notam
1431 1332 1488 1377 sp
1539 1331 1636 1361 esse

183 1390 214 1439 i.
254 1409 296 1455 q.
337 1410 548 1454 semper.

325 1528 480 1592 Atque
549 1529 630 1578 hic
682 1528 910 1594 imposuit
970 1530 1101 1576 bono
1161 1530 1356 1576 librario
1424 1529 1635 1576 studium

192 1608 395 1657 eruendi
423 1610 568 1657 verba
596 1627 652 1657 ex
686 1610 793 1657 rudi
818 1609 1155 1673 indigestaque,
1196 1627 1312 1673 quae
1353 1610 1501 1657 oculis
1537 1611 1637 1659 e1us

187 1690 549 1750 obversabatur,
597 1691 844 1738 literarum
893 1691 1035 1738 mole.
1115 1689 1279 1746 Quum
1313 1691 1440 1736 enim
1477 1691 1634 1739 literas

187 1772 656 1833 spolimasieranteo
700 1772 766 1819 sic
806 1770 1054 1834 dispertire
1088 1770 1345 1818 debuisset:
1404 1790 1476 1834 sp.
1515 1774 1663 1819 olim.

187 1852 266 1896 asi
292 1859 439 1895 erant
472 1868 556 1912 ec,
591 1852 746 1899 literas
778 1854 908 1913 spoli
940 1852 1212 1913 coniunxit,
1242 1852 1426 1899 literam
1446 1851 1635 1901 finalem

190 1947 223 1974 a
258 1930 479 1990 omissam
522 1943 662 1979 ratus.
735 1932 805 1979 Ita
851 1949 965 1978 vero
1005 1933 1231 1995 quoniam
1273 1943 1462 1978 restaret
1498 1932 1636 1981 litera

187 2027 262 2070 m,
307 2027 447 2073 quam
492 2030 586 2076 quo
625 2013 820 2059 referret
859 2013 1000 2059 nullo
1031 2012 1178 2059 modo
1216 2012 1447 2071 habebat,
1494 2013 1634 2060 rebus

191 2088 473 2154 desperatis,
514 2092 745 2158 acquievit
775 2092 826 2139 in
859 2091 1048 2139 edendo
1080 2092 1378 2157 lepidissimo
1413 2091 1501 2139 isto
1525 2110 1630 2139 mu-

191 2172 457 2219 sieranteo.
1265 2167 1271 2169 ’

258 2337 327 2387 ¹0)
365 2340 475 2374 Cuius
506 2341 561 2375 rei
598 2345 726 2376 auctor
762 2346 817 2377 cst
851 2344 1009 2379 Eberrus
1037 2345 1093 2380 Cl.
1121 2345 1157 2381 in
1196 2346 1290 2382 libro
1318 2346 1379 2392 qui
1406 2345 1633 2379 inscribitur:

354 2409 426 2443 Zur
454 2410 886 2456 Handselniftenkunde,
914 2399 995 2448 Vol.
1016 2414 1044 2447 1.
1072 2417 1188 2463 [³350.

242 2504 311 2550 ¹¹)
347 2506 452 2540 Licet
476 2507 578 2541 haud
608 2508 715 2542 dubie
743 2509 856 2552 mihi,
888 2522 970 2544 mea
997 2516 1140 2545 tantum
1169 2511 1204 2545 in
1229 2512 1390 2547 medium
1418 2511 1628 2557 proferenti,

349 2575 506 2610 aliorum
530 2576 676 2611 inventa
707 2578 818 2612 tacite
843 2579 879 2613 in
907 2591 990 2614 usus
1018 2592 1118 2614 meos
1143 2585 1377 2624 convertere,
1403 2592 1515 2627 quum
1537 2591 1632 2625 quae

353 2643 516 2678 omnium
554 2645 724 2679 manibus
763 2651 930 2683 teruntur
965 2649 1177 2685 Ruhnkenii
1201 2650 1417 2696 Krausiiquo
1456 2649 1631 2685 editione·

352 2711 498 2747 nomina
523 2711 592 2748 illa
619 2715 781 2750 referant
807 2716 941 2752 omnia.
1612 2725 1640 2755 δ

1707 322 1713 406 ἑ

1712 767 1714 795 t

1712 798 1715 819 ,ι
