1715 3117
183 216 278 264 142

709 342 815 406 Pag.
842 347 909 392 66.
947 359 990 390 v.
1009 347 1078 392 24.
1714 397 1715 402 ¹

317 421 383 483 11,
404 424 480 468 44.
513 437 552 467 2.
599 422 800 468 diverso
825 419 1154 484 quamquam]
1186 418 1375 468 Malim:
1410 418 1611 466 dimi-so
1676 463 1677 466 ,
1711 457 1712 470 2

180 503 356 566 cuique
393 510 616 566 tempore
652 503 790 564 ipsis.

721 621 831 686 Pag.
855 629 924 672 67.
962 639 1005 670 v.
1029 629 1071 671 8.

307 704 472 764 11,·44.
501 707 541 750 4.
584 705 662 750 icis
690 702 755 749 ab
783 703 874 749 his.
928 699 1064 749 Nihil
1097 698 1406 753 mutandum:
1436 703 1515 747 ius
1545 714 1615 748 est

177 786 249 833 ius
288 782 513 844 civitatis,
556 796 610 830 ut
653 781 745 831 LI.
779 802 819 830 c.
849 785 920 830 14.
955 799 994 829 1.
1062 780 1146 828 Ab
1186 782 1266 827 Izis
1300 798 1362 828 se.
1403 780 1603 837 colonis,
1654 785 1658 787 ’

177 864 356 915 civibus
396 862 623 911 Romanis
663 860 918 926 Campanis
962 861 1035 909 ius
1075 862 1166 909 civ.
1208 861 1470 909 restitutum
1513 878 1611 909 esse

179 943 364 993 dicitur.

709 1035 820 1099 Pag.
843 1041 912 1085 70.
950 1052 993 1083 v.
1014 1042 1082 1086 12.

313 1114 378 1173 11,
407 1118 483 1176 47.
502 1118 545 1163 4.
582 1115 840 1162 inutiliter.
911 1113 1041 1162 Fort.
1079 1113 1170 1178 leg.
1208 1114 1399 1169 inutili,
1440 1129 1615 1160 verum
1692 1130 1695 1154 s

176 1214 211 1247 s.
241 1198 344 1244 sed.
874 1243 876 1245 ,

702 1287 814 1352 Pag.
836 1293 906 1338 70.
942 1305 984 1336 v.
1010 1293 1080 1340 26.

305 1365 370 1429 II,
394 1371 472 1418 48.
504 1387 542 1417 1.
612 1369 788 1417 Iniuste
820 1367 868 1416 h.
902 1369 934 1416 l.
968 1368 1016 1416 in
1053 1367 1342 1416 Rhenanam
1373 1366 1612 1415 invehitur

178 1447 399 1496 Orellius.
472 1449 664 1497 Etenim
699 1462 779 1496 aut
812 1448 1010 1496 omuino
1041 1467 1139 1496 non
1178 1447 1476 1497 offendamus
1501 1446 1611 1494 lieet

177 1529 226 1576 in
259 1547 335 1577 vv.
372 1529 739 1577 adsentabatar
772 1540 824 1575 'et
866 1527 1267 1589 adversabatur,
1312 1527 1445 1593 quasi
1488 1519 1612 1574 αἶντι-

176 1601 372 1668 9έσεως
409 1611 518 1657 loco
552 1608 740 1674 positis,
789 1620 868 1654 aut
899 1607 1078 1655 velleii
1116 1626 1213 1655 non
1249 1608 1474 1655 Rhenani
1513 1607 1609 1655 cul·
1704 1639 1705 1643 =

180 1709 269 1757 pae
302 1688 581 1757 imputanda
609 1701 678 1737 est
712 1705 855 1754 quam
887 1686 1099 1735 Orellius
1135 1687 1328 1735 denotat
1366 1688 1613 1736 cantilena.
1702 1691 1704 1693 ’

707 1815 821 1880 Pag.
845 1822 916 1866 71.
954 1832 998 1863 v.
1023 1822 1092 1866 19.

311 1897 375 1957 II,
403 1898 478 1945 48.
508 1899 550 1944 5.
604 1906 653 1943 et
692 1897 1025 1943 coalescentis.
1103 1893 1178 1943 Ne
1220 1893 1336 1960 quid
1378 1893 1614 1960 depereat,
1704 1881 1713 1920 ⁸*

178 1978 314 2026 scrib.
350 1994 594 2043 propono:
638 1978 722 2023 ille
757 1978 882 2024 coal.

720 2097 830 2161 Pag.
852 2104 923 2148 ¹73.
965 2115 1006 2144 v.
1027 2104 1066 2147 3.

307 2177 371 2241 II,
396 2182 473 2243 49.
506 2181 550 2228 5.
579 2180 774 2241 legione
805 2195 866 2224 ne
896 2173 1134 2240 retinere]
1209 2175 1372 2233 Quum
1403 2174 1612 2224 Orellius

176 2260 276 2325 ipse
324 2256 580 2319 concedat,
627 2258 855 2324 syllabam
903 2274 965 2303 ne
1007 2273 1186 2303 meram
1235 2255 1604 2320 geminationem

177 2356 274 2386 esse
303 2337 513 2402 adeoque
544 2336 918 2386 Amerbachium
959 2335 1007 2384 h.
1028 2336 1060 2383 l.
1098 2334 1396 2383 dormitasse:
1445 2333 1611 2382 eadem

177 2419 256 2466 illa
303 2417 483 2466 incuria
526 2436 568 2467 v.
614 2419 814 2464 titulum
859 2415 907 2464 h.
943 2415 972 2462 l.
1009 2413 1300 2462 intercidisse
1342 2413 1609 2462 absurdove

176 2498 260 2546 illo
292 2515 355 2545 ne
381 2499 490 2546 loco
524 2511 709 2546 motum
740 2511 835 2544 esse
864 2494 1086 2561 putarim.
1156 2494 1232 2542 De
1263 2494 1611 2556 Germ-mismo,

178 2594 318 2644 quem
359 2578 569 2626 redoleat
604 2596 647 2628 v.
688 2579 912 2638 titulum,
955 2575 1072 2623 mihi
1105 2592 1202 2623 non
1242 2574 1465 2625 convenit
1501 2573 1610 2621 cum

180 2659 385 2718 Orellio,
418 2658 599 2724 quippe
630 2656 765 2724 quod
800 2657 856 2704 ab
889 2656 993 2722 ipso
1026 2654 1215 2704 Velleio
1251 2673 1289 2704 c.
1310 2656 1384 2702 65.
1422 2671 1460 2702 1.
1500 2670 1612 2701 con-

179 2741 212 2788 fi
220 2753 410 2788 rmetur.
