1715 3117
186 232 250 280 86

618 452 949 512 cAPru·
1015 450 1237 514 ux·

747 560 837 594 ven.
860 560 915 603 11,
944 557 1002 593 82.
1026 558 1064 592 4.

303 690 332 708 „
348 658 639 714 Cotlzumisque
672 661 941 702 succinetzwf‘

186 822 448 916 'Quamvis
485 861 650 895 notum
686 849 744 894 sit
774 834 904 912 quod
938 848 1166 894 Krausius
1198 846 1338 894 docet
1370 847 1512 894 verba
1546 863 1624 893 co-

196 927 378 974 thurnis
434 927 660 974 solemnia
708 944 806 974 esse
858 945 893 974 s.
940 927 1109 974 vinciri
1161 945 1198 973 s.
1249 927 1334 973 niti
1382 945 1415 974 s.
1459 927 1623 974 inniti:

197 1020 353 1053 tamen
400 1023 550 1069 neque
596 1006 772 1053 subniti
820 1005 1060 1053 cothurnis
1107 1005 1201 1053 dici
1243 1020 1423 1071 potest,
1470 1023 1623 1069 neque

199 1083 330 1149 quod
367 1084 509 1148 vulgo
551 1071 722 1149 legitur
760 1086 1016 1131 cothurnis
1054 1087 1329 1131 succinctas
1370 1085 1624 1133 immutan-

200 1163 318 1211 dum
347 1179 446 1211 esse
475 1181 583 1211 curn
612 1164 793 1211 Orellio
823 1164 1125 1211 subtilissimo
1154 1163 1412 1211 Latinitatis
1450 1165 1623 1213 arbitro

200 1243 541 1291 contendimus.
609 1244 836 1308 Succiugi
870 1243 1112 1290 cothurnis
1147 1244 1329 1307 poetica
1371 1243 1454 1291 sed
1487 1244 1626 1292 etiam

197 1321 445 1370 Velleiana
492 1319 672 1370 locutio
726 1336 816 1385 est,
867 1323 997 1370 cuius
1043 1323 1151 1370 loco
1192 1340 1356 1386 prosae
1401 1324 1625 1372 orationis

196 1401 446 1466 scriptores
502 1403 725 1466 posituri·
755 1403 967 1451 fuissent:
1040 1402 1297 1450 cothurnos
1357 1404 1622 1452 succinctos

197 1489 393 1544 gestans.
457 1480 518 1530 Et
547 1481 765 1546 respicias
792 1500 961 1547 quaeso
990 1482 1282 1530 Graecorum
1312 1475 1621 1533 ὑποδεῖσθαι.

195 1558 265 1606 Ita
286 1577 361 1625 ap.¹
377 1560 606 1609 Herodot.
632 1577 674 1623 1,
701 1564 805 1610 155.
826 1563 903 1611 δι.
944 1551 1206 1628 κοθόρνους
1228 1554 1526 1613 ὑποδέεσθαι.

595 1925 685 1962 ven.
700 1927 749 1972 11,
769 1925 828 1963 83.
848 1926 884 1960 2.
906 1939 942 1973 p.
957 1925 1027 1961 102
1046 1927 1098 1962 ed.
1118 1927 1225 1962 oren.

305 2051 334 2070 „
346 2022 455 2064 Mox
505 2034 642 2066 autem
689 2027 792 2068 hunc
844 2042 945 2068 mox
992 2029 1228 2068 avunculum
1275 2030 1458 2069 imitatus
1507 2034 1621 2070 θεῖός

198 2095 264 2129 Ed.
291 2108 343 2141 pr.
371 2109 404 2141 p.
418 2096 482 2134 47.

201 2237 410 2309 Accidit
437 2263 515 2310 hic
543 2265 676 2330 quod
702 2284 857 2331 saepe,
888 2278 938 2313 ut
959 2267 1171 2313 librarius
1197 2285 1316 2331 quae
1340 2268 1450 2314 falsa
1475 2267 1623 2331 scrip—

200 2355 322 2388 serat
355 2358 532 2405 puncto
576 2344 755 2392 deletili
797 2360 954 2392 notare
989 2347 1259 2410 negligeret.
1326 2347 1432 2393 Hoc
1468 2359 1622 2394 autem

200 2420 344 2466 modo
371 2422 416 2467 in
438 2441 645 2471 errorem
669 2424 888 2472 inductus
909 2438 995 2473 este
1049 2427 1312 2490 Legebatur
1342 2427 1389 2472 in
1418 2443 1472 2474 eo
1495 2426 1624 2474 unde

198 2497 314 2546 liber
371 2500 694 2550 Murhacensis
755 2506 887 2550 fluxit
942 2505 1127 2551 codice:
1194 2509 1620 2553 mox-auunculum.

200 2575 345 2633 Quod
376 2580 494 2627 falso
534 2582 758 2630 dirimens
795 2584 929 2647 legit:
969 2601 1083 2630 mox
1115 2603 1184 2631 αα
1218 2603 1335 2642 unc,
1385 2600 1436 2633 ut
1467 2589 1624 2635 fieret:

200 2675 313 2704 mox
353 2670 522 2706 antem
568 2663 709 2709 lzanc.
789 2663 925 2718 Quae
973 2677 1127 2712 tamen
1175 2683 1321 2730 quum
1370 2666 1626 2730 scripsisset

197 2737 349 2784 subito
370 2775 382 2796 ,
447 2739 577 2803 quod
633 2741 817 2801 restitit,
887 2741 1010 2789 illud
1065 2745 1200 2791 alum
1255 2744 1623 2792 animadvertens
