<?xml version="1.0" encoding="UTF-8"?>
<!DOCTYPE html PUBLIC "-//W3C//DTD XHTML 1.0 Transitional//EN"
    "http://www.w3.org/TR/xhtml1/DTD/xhtml1-transitional.dtd">
<html xmlns="http://www.w3.org/1999/xhtml" xml:lang="en" lang="en">
 <head>
  <title>
</title>
<meta http-equiv="Content-Type" content="text/html;charset=utf-8" />
  <meta name='ocr-system' content='tesseract 3.04.00' />
  <meta name='ocr-capabilities' content='ocr_page ocr_carea ocr_par ocr_line ocrx_word'/>
</head>
<body>
  <div class='ocr_page' id='page_1' title='image "./locivelleianiine00lauruoft_0038.png"; bbox 0 0 1715 3117; ppageno 0'>
   <div class='ocr_carea' id='block_1_1' title="bbox 196 180 259 228">
    <p class='ocr_par' dir='ltr' id='par_1_1' title="bbox 196 180 259 228">
     <span class='ocr_line' id='line_1_1' title="bbox 196 180 259 228; baseline 0.016 -1"><span class='ocrx_word' id='word_1_1' title='bbox 196 180 259 228; x_wconf 90' lang='lat'><strong>10</strong></span> 
     </span>
    </p>
   </div>
   <div class='ocr_carea' id='block_1_2' title="bbox 193 299 1683 372">
    <p class='ocr_par' dir='ltr' id='par_1_2' title="bbox 193 299 1683 372">
     <span class='ocr_line' id='line_1_2' title="bbox 193 299 1683 372; baseline -0.001 -20"><span class='ocrx_word' id='word_1_2' title='bbox 193 304 484 367; x_wconf 83' lang='lat' dir='ltr'><strong>emendatio,</strong></span> <span class='ocrx_word' id='word_1_3' title='bbox 531 305 645 353; x_wconf 86' lang='lat' dir='ltr'>nihil</span> <span class='ocrx_word' id='word_1_4' title='bbox 687 299 812 372; x_wconf 64' lang='lat' dir='ltr'><strong>opus</strong></span> <span class='ocrx_word' id='word_1_5' title='bbox 854 320 924 354; x_wconf 72' lang='lat' dir='ltr'><strong>est</strong></span> <span class='ocrx_word' id='word_1_6' title='bbox 958 318 1142 353; x_wconf 82' lang='lat' dir='ltr'><strong>mutare</strong></span> <span class='ocrx_word' id='word_1_7' title='bbox 1178 305 1378 352; x_wconf 83' lang='lat' dir='ltr'><strong>verbum</strong></span> <span class='ocrx_word' id='word_1_8' title='bbox 1408 322 1611 351; x_wconf 81' lang='lat' dir='ltr'><strong>revoca·</strong></span> <span class='ocrx_word' id='word_1_9' title='bbox 1682 314 1683 329; x_wconf 28' lang='grc' dir='ltr'>ἢ</span> 
     </span>
    </p>
   </div>
   <div class='ocr_carea' id='block_1_3' title="bbox 191 385 1610 514">
    <p class='ocr_par' dir='ltr' id='par_1_3' title="bbox 191 385 1610 514">
     <span class='ocr_line' id='line_1_3' title="bbox 193 385 1610 450; baseline 0.001 -18"><span class='ocrx_word' id='word_1_10' title='bbox 193 388 369 432; x_wconf 81' lang='lat' dir='ltr'><strong>verint.</strong></span> <span class='ocrx_word' id='word_1_11' title='bbox 434 385 649 434; x_wconf 87' lang='lat' dir='ltr'><strong>Rhenani</strong></span> <span class='ocrx_word' id='word_1_12' title='bbox 685 386 732 433; x_wconf 88' lang='lat' dir='ltr'><strong>ni</strong></span> <span class='ocrx_word' id='word_1_13' title='bbox 765 385 905 434; x_wconf 85' lang='lat' dir='ltr'><strong>fallor</strong></span> <span class='ocrx_word' id='word_1_14' title='bbox 940 401 1071 437; x_wconf 81' lang='lat' dir='ltr'><strong>error</strong></span> <span class='ocrx_word' id='word_1_15' title='bbox 1105 399 1352 450; x_wconf 85' lang='lat' dir='ltr'><strong>sequentes</strong></span> <span class='ocrx_word' id='word_1_16' title='bbox 1373 385 1610 447; x_wconf 82' lang='lat' dir='ltr'><strong>Interpre-</strong></span> 
     </span>
     <span class='ocr_line' id='line_1_4' title="bbox 191 464 660 514; baseline 0.002 -3"><span class='ocrx_word' id='word_1_17' title='bbox 191 479 259 513; x_wconf 88' lang='lat' dir='ltr'><strong>tes</strong></span> <span class='ocrx_word' id='word_1_18' title='bbox 288 464 451 513; x_wconf 85' lang='lat' dir='ltr'><strong>fefellit</strong></span> <span class='ocrx_word' id='word_1_19' title='bbox 481 482 660 514; x_wconf 87' lang='lat' dir='ltr'><strong>omnes.</strong></span> 
     </span>
    </p>
   </div>
   <div class='ocr_carea' id='block_1_4' title="bbox 655 654 1189 744">
    <p class='ocr_par' dir='ltr' id='par_1_4' title="bbox 655 654 1189 744">
     <span class='ocr_line' id='line_1_5' title="bbox 655 654 1189 744; baseline 0.006 -3"><span class='ocrx_word' id='word_1_20' title='bbox 655 654 986 742; x_wconf 65' lang='lat' dir='ltr'><strong>carn-1·</strong></span> <span class='ocrx_word' id='word_1_21' title='bbox 1034 682 1156 744; x_wconf 76' lang='lat' dir='ltr'><strong>vs.</strong></span> <span class='ocrx_word' id='word_1_22' title='bbox 1188 676 1189 679; x_wconf 65' lang='lat'>‘</span> 
     </span>
    </p>
   </div>
   <div class='ocr_carea' id='block_1_5' title="bbox 773 777 1057 822">
    <p class='ocr_par' dir='ltr' id='par_1_5' title="bbox 773 777 1057 822">
     <span class='ocr_line' id='line_1_6' title="bbox 773 777 1057 822; baseline 0.004 -9"><span class='ocrx_word' id='word_1_23' title='bbox 773 778 920 822; x_wconf 74' lang='lat' dir='ltr'><strong>Velm,</strong></span> <span class='ocrx_word' id='word_1_24' title='bbox 947 777 1002 814; x_wconf 90' lang='lat'><strong>16.</strong></span> <span class='ocrx_word' id='word_1_25' title='bbox 1023 777 1057 814; x_wconf 87' lang='lat'><strong>3.</strong></span> 
     </span>
    </p>
   </div>
   <div class='ocr_carea' id='block_1_6' title="bbox 187 852 1614 1057">
    <p class='ocr_par' dir='ltr' id='par_1_6' title="bbox 187 852 1614 1057">
     <span class='ocr_line' id='line_1_7' title="bbox 297 852 1612 918; baseline -0.003 -10"><span class='ocrx_word' id='word_1_26' title='bbox 297 873 439 917; x_wconf 83' lang='lat' dir='ltr'><strong>„Cuius</strong></span> <span class='ocrx_word' id='word_1_27' title='bbox 473 876 516 909; x_wconf 89' lang='lat' dir='ltr'><strong>de</strong></span> <span class='ocrx_word' id='word_1_28' title='bbox 554 875 747 910; x_wconf 81' lang='lat' dir='ltr'><strong>virtutibus</strong></span> <span class='ocrx_word' id='word_1_29' title='bbox 784 888 864 911; x_wconf 89' lang='lat' dir='ltr'><strong>cum</strong></span> <span class='ocrx_word' id='word_1_30' title='bbox 899 875 983 917; x_wconf 80' lang='lat' dir='ltr'><strong>alii,</strong></span> <span class='ocrx_word' id='word_1_31' title='bbox 1018 882 1096 911; x_wconf 82' lang='lat' dir='ltr'><strong>tum</strong></span> <span class='ocrx_word' id='word_1_32' title='bbox 1128 876 1286 910; x_wconf 83' lang='lat' dir='ltr'><strong>maxime</strong></span> <span class='ocrx_word' id='word_1_33' title='bbox 1320 852 1545 918; x_wconf 55' lang='lat' dir='ltr'><strong>athletaeque</strong></span> <span class='ocrx_word' id='word_1_34' title='bbox 1570 874 1612 917; x_wconf 77' lang='lat' dir='ltr'><strong>Q.</strong></span> 
     </span>
     <span class='ocr_line' id='line_1_8' title="bbox 188 943 1614 989; baseline -0.002 -11"><span class='ocrx_word' id='word_1_35' title='bbox 188 943 404 978; x_wconf 81' lang='lat' dir='ltr'><strong>Hortensius</strong></span> <span class='ocrx_word' id='word_1_36' title='bbox 441 943 476 977; x_wconf 88' lang='lat' dir='ltr'><strong>in</strong></span> <span class='ocrx_word' id='word_1_37' title='bbox 511 944 712 978; x_wconf 76' lang='lat' dir='ltr'><strong>Annalibus</strong></span> <span class='ocrx_word' id='word_1_38' title='bbox 747 945 819 978; x_wconf 82' lang='lat' dir='ltr'><strong>suis</strong></span> <span class='ocrx_word' id='word_1_39' title='bbox 852 945 989 979; x_wconf 80' lang='lat' dir='ltr'><strong>retulit.</strong></span> <span class='ocrx_word' id='word_1_40' title='bbox 1061 946 1171 980; x_wconf 85' lang='lat' dir='ltr'><strong>Cuius</strong></span> <span class='ocrx_word' id='word_1_41' title='bbox 1208 945 1271 979; x_wconf 83' lang='lat' dir='ltr'><strong>ille</strong></span> <span class='ocrx_word' id='word_1_42' title='bbox 1303 943 1432 989; x_wconf 76' lang='lat' dir='ltr'><strong>pietati</strong></span> <span class='ocrx_word' id='word_1_43' title='bbox 1468 944 1614 988; x_wconf 84' lang='lat' dir='ltr'><strong>plenam</strong></span> 
     </span>
     <span class='ocr_line' id='line_1_9' title="bbox 187 1011 1612 1057; baseline -0.001 -12"><span class='ocrx_word' id='word_1_44' title='bbox 187 1012 229 1045; x_wconf 91' lang='lat' dir='ltr'><strong>P.</strong></span> <span class='ocrx_word' id='word_1_45' title='bbox 256 1012 300 1046; x_wconf 84' lang='lat' dir='ltr'><strong>R.</strong></span> <span class='ocrx_word' id='word_1_46' title='bbox 327 1011 486 1056; x_wconf 76' lang='lat' dir='ltr'>gratiam</span> <span class='ocrx_word' id='word_1_47' title='bbox 511 1012 674 1046; x_wconf 80' lang='lat' dir='ltr'><strong>retulit.“</strong></span> <span class='ocrx_word' id='word_1_48' title='bbox 739 1013 842 1047; x_wconf 86' lang='lat' dir='ltr'><strong>Haec</strong></span> <span class='ocrx_word' id='word_1_49' title='bbox 872 1013 1024 1047; x_wconf 85' lang='lat' dir='ltr'><strong>Burerio</strong></span> <span class='ocrx_word' id='word_1_50' title='bbox 1060 1018 1150 1048; x_wconf 78' lang='lat' dir='ltr'><strong>teste</strong></span> <span class='ocrx_word' id='word_1_51' title='bbox 1182 1013 1218 1047; x_wconf 87' lang='lat' dir='ltr'><strong>in</strong></span> <span class='ocrx_word' id='word_1_52' title='bbox 1255 1014 1332 1046; x_wconf 85' lang='lat' dir='ltr'><strong>cod.</strong></span> <span class='ocrx_word' id='word_1_53' title='bbox 1359 1013 1477 1047; x_wconf 83' lang='lat' dir='ltr'><strong>Murb.</strong></span> <span class='ocrx_word' id='word_1_54' title='bbox 1513 1011 1612 1057; x_wconf 81' lang='lat' dir='ltr'><strong>lege-</strong></span> 
     </span>
    </p>
   </div>
   <div class='ocr_carea' id='block_1_7' title="bbox 188 1081 1119 1126">
    <p class='ocr_par' dir='ltr' id='par_1_7' title="bbox 188 1081 1119 1126">
     <span class='ocr_line' id='line_1_10' title="bbox 188 1081 1119 1126; baseline 0.001 -12"><span class='ocrx_word' id='word_1_55' title='bbox 188 1081 341 1123; x_wconf 79' lang='lat' dir='ltr'><strong>bantur,</strong></span> <span class='ocrx_word' id='word_1_56' title='bbox 377 1091 469 1114; x_wconf 88' lang='lat' dir='ltr'><strong>nunc</strong></span> <span class='ocrx_word' id='word_1_57' title='bbox 494 1081 673 1116; x_wconf 79' lang='lat' dir='ltr'><strong>exstantia</strong></span> <span class='ocrx_word' id='word_1_58' title='bbox 698 1082 734 1115; x_wconf 88' lang='lat' dir='ltr'><strong>in</strong></span> <span class='ocrx_word' id='word_1_59' title='bbox 763 1083 828 1115; x_wconf 86' lang='lat' dir='ltr'><strong>Ed.</strong></span> <span class='ocrx_word' id='word_1_60' title='bbox 861 1094 912 1126; x_wconf 86' lang='lat' dir='ltr'><strong>pr.</strong></span> <span class='ocrx_word' id='word_1_61' title='bbox 943 1095 976 1126; x_wconf 87' lang='lat' dir='ltr'><strong>p.</strong></span> <span class='ocrx_word' id='word_1_62' title='bbox 999 1084 1059 1120; x_wconf 75' lang='lat'><strong>18.</strong></span> <span class='ocrx_word' id='word_1_63' title='bbox 1118 1111 1119 1115; x_wconf 73' lang='grc'>,</span> 
     </span>
    </p>
   </div>
   <div class='ocr_carea' id='block_1_8' title="bbox 822 1160 989 1173">
    <p class='ocr_par' dir='ltr' id='par_1_8' title="bbox 822 1160 989 1173">
     <span class='ocr_line' id='line_1_11' title="bbox 822 1160 989 1173; baseline 0 1944"><span class='ocrx_word' id='word_1_64' title='bbox 822 1160 989 1173; x_wconf 95' lang='lat' dir='ltr'><strong> </strong></span> 
     </span>
    </p>
   </div>
   <div class='ocr_carea' id='block_1_9' title="bbox 186 1232 1622 2604">
    <p class='ocr_par' dir='ltr' id='par_1_9' title="bbox 186 1232 1618 1864">
     <span class='ocr_line' id='line_1_12' title="bbox 190 1232 1611 1323; baseline 0.001 -22"><span class='ocrx_word' id='word_1_65' title='bbox 190 1232 432 1322; x_wconf 82' lang='lat' dir='ltr'><strong>Optime,</strong></span> <span class='ocrx_word' id='word_1_66' title='bbox 479 1273 619 1322; x_wconf 87' lang='lat' dir='ltr'><strong>quem</strong></span> <span class='ocrx_word' id='word_1_67' title='bbox 665 1257 830 1321; x_wconf 88' lang='lat' dir='ltr'><strong>quanti</strong></span> <span class='ocrx_word' id='word_1_68' title='bbox 874 1257 1043 1304; x_wconf 67' lang='lat' dir='ltr'><strong>faciam</strong></span> <span class='ocrx_word' id='word_1_69' title='bbox 1091 1258 1167 1306; x_wconf 84' lang='lat' dir='ltr'><strong>vix</strong></span> <span class='ocrx_word' id='word_1_70' title='bbox 1205 1257 1360 1305; x_wconf 84' lang='lat' dir='ltr'><strong>dicere</strong></span> <span class='ocrx_word' id='word_1_71' title='bbox 1400 1274 1611 1323; x_wconf 81' lang='lat' dir='ltr'><strong>possum,</strong></span> 
     </span>
     <span class='ocr_line' id='line_1_13' title="bbox 188 1335 1615 1402; baseline -0.001 -18"><span class='ocrx_word' id='word_1_72' title='bbox 188 1336 410 1384; x_wconf 87' lang='lat' dir='ltr'><strong>Heinsius</strong></span> <span class='ocrx_word' id='word_1_73' title='bbox 425 1335 495 1383; x_wconf 89' lang='lat' dir='ltr'><strong>Cl.</strong></span> <span class='ocrx_word' id='word_1_74' title='bbox 522 1336 756 1401; x_wconf 76' lang='lat' dir='ltr'><strong>ingratam</strong></span> <span class='ocrx_word' id='word_1_75' title='bbox 774 1336 820 1383; x_wconf 89' lang='lat' dir='ltr'><strong>h.</strong></span> <span class='ocrx_word' id='word_1_76' title='bbox 842 1337 871 1385; x_wconf 91' lang='lat' dir='ltr'><strong>l.</strong></span> <span class='ocrx_word' id='word_1_77' title='bbox 893 1338 1020 1386; x_wconf 90' lang='lat' dir='ltr'><strong>vocis</strong></span> <span class='ocrx_word' id='word_1_78' title='bbox 1042 1340 1259 1395; x_wconf 75' lang='lat' dir='ltr'><strong>,‚czcz&#39;us“</strong></span> <span class='ocrx_word' id='word_1_79' title='bbox 1287 1337 1615 1402; x_wconf 82' lang='lat' dir='ltr'><strong>repetitionem</strong></span> 
     </span>
     <span class='ocr_line' id='line_1_14' title="bbox 188 1414 1615 1483; baseline 0.001 -21"><span class='ocrx_word' id='word_1_80' title='bbox 188 1415 378 1462; x_wconf 87' lang='lat' dir='ltr'><strong>notavit.</strong></span> <span class='ocrx_word' id='word_1_81' title='bbox 447 1414 542 1462; x_wconf 87' lang='lat' dir='ltr'><strong>Sed</strong></span> <span class='ocrx_word' id='word_1_82' title='bbox 571 1415 703 1482; x_wconf 88' lang='lat' dir='ltr'><strong>quod</strong></span> <span class='ocrx_word' id='word_1_83' title='bbox 731 1415 885 1464; x_wconf 83' lang='lat' dir='ltr'><strong>eidem</strong></span> <span class='ocrx_word' id='word_1_84' title='bbox 918 1418 1099 1483; x_wconf 83' lang='lat' dir='ltr'><strong>placuit</strong></span> <span class='ocrx_word' id='word_1_85' title='bbox 1128 1435 1261 1465; x_wconf 89' lang='lat' dir='ltr'><strong>verae</strong></span> <span class='ocrx_word' id='word_1_86' title='bbox 1295 1417 1509 1465; x_wconf 87' lang='lat' dir='ltr'><strong>lectionis</strong></span> <span class='ocrx_word' id='word_1_87' title='bbox 1541 1417 1615 1463; x_wconf 87' lang='lat' dir='ltr'><strong>in-</strong></span> 
     </span>
     <span class='ocr_line' id='line_1_15' title="bbox 187 1495 1615 1560; baseline 0.001 -18"><span class='ocrx_word' id='word_1_88' title='bbox 187 1509 281 1542; x_wconf 84' lang='lat' dir='ltr'><strong>star</strong></span> <span class='ocrx_word' id='word_1_89' title='bbox 300 1495 553 1542; x_wconf 84' lang='lat' dir='ltr'><strong>lectoribus</strong></span> <span class='ocrx_word' id='word_1_90' title='bbox 582 1513 849 1560; x_wconf 78' lang='lat' dir='ltr'><strong>proponere</strong></span> <span class='ocrx_word' id='word_1_91' title='bbox 885 1498 1121 1558; x_wconf 45' lang='lat' dir='ltr'><strong>„haizasff</strong></span> <span class='ocrx_word' id='word_1_92' title='bbox 1153 1495 1352 1544; x_wconf 87' lang='lat' dir='ltr'><strong>inducto</strong></span> <span class='ocrx_word' id='word_1_93' title='bbox 1382 1495 1615 1545; x_wconf 84' lang='lat' dir='ltr'><strong>vocabulo</strong></span> 
     </span>
     <span class='ocr_line' id='line_1_16' title="bbox 186 1575 1618 1643; baseline 0.001 -21"><span class='ocrx_word' id='word_1_94' title='bbox 186 1577 375 1636; x_wconf 82' lang='lat' dir='ltr'><strong>„ille,“</strong></span> <span class='ocrx_word' id='word_1_95' title='bbox 422 1575 554 1640; x_wconf 90' lang='lat' dir='ltr'><strong>quod</strong></span> <span class='ocrx_word' id='word_1_96' title='bbox 598 1577 833 1642; x_wconf 88' lang='lat' dir='ltr'><strong>sequitur:</strong></span> <span class='ocrx_word' id='word_1_97' title='bbox 888 1576 1007 1624; x_wconf 85' lang='lat' dir='ltr'><strong>illud</strong></span> <span class='ocrx_word' id='word_1_98' title='bbox 1044 1591 1090 1624; x_wconf 87' lang='lat' dir='ltr'><strong>et</strong></span> <span class='ocrx_word' id='word_1_99' title='bbox 1133 1577 1290 1643; x_wconf 86' lang='lat' dir='ltr'><strong>ipsum</strong></span> <span class='ocrx_word' id='word_1_100' title='bbox 1334 1575 1520 1637; x_wconf 85' lang='lat' dir='ltr'><strong>durius,</strong></span> <span class='ocrx_word' id='word_1_101' title='bbox 1565 1576 1618 1625; x_wconf 80' lang='lat' dir='ltr'><strong>ni</strong></span> 
     </span>
     <span class='ocr_line' id='line_1_17' title="bbox 187 1654 1618 1721; baseline 0 -19"><span class='ocrx_word' id='word_1_102' title='bbox 187 1656 350 1715; x_wconf 83' lang='lat' dir='ltr'><strong>fallor,</strong></span> <span class='ocrx_word' id='word_1_103' title='bbox 378 1655 564 1719; x_wconf 87' lang='lat' dir='ltr'><strong>istoque</strong></span> <span class='ocrx_word' id='word_1_104' title='bbox 597 1657 734 1703; x_wconf 74' lang='lat' dir='ltr'><strong>cuius</strong></span> <span class='ocrx_word' id='word_1_105' title='bbox 768 1657 842 1704; x_wconf 83' lang='lat' dir='ltr'><strong>vix</strong></span> <span class='ocrx_word' id='word_1_106' title='bbox 879 1658 1185 1721; x_wconf 82' lang='lat' dir='ltr'><strong>praestantius</strong></span> <span class='ocrx_word' id='word_1_107' title='bbox 1222 1670 1302 1704; x_wconf 83' lang='lat' dir='ltr'><strong>est.</strong></span> <span class='ocrx_word' id='word_1_108' title='bbox 1373 1654 1618 1704; x_wconf 88' lang='lat' dir='ltr'><strong>Arridebit</strong></span> 
     </span>
     <span class='ocr_line' id='line_1_18' title="bbox 186 1736 1618 1801; baseline 0 -17"><span class='ocrx_word' id='word_1_109' title='bbox 186 1738 378 1784; x_wconf 87' lang='lat' dir='ltr'><strong>fortasse</strong></span> <span class='ocrx_word' id='word_1_110' title='bbox 421 1736 675 1784; x_wconf 85' lang='lat' dir='ltr'><strong>verborum</strong></span> <span class='ocrx_word' id='word_1_111' title='bbox 716 1737 846 1784; x_wconf 88' lang='lat' dir='ltr'><strong>cuius</strong></span> <span class='ocrx_word' id='word_1_112' title='bbox 886 1737 962 1784; x_wconf 86' lang='lat' dir='ltr'><strong>ille</strong></span> <span class='ocrx_word' id='word_1_113' title='bbox 997 1738 1045 1784; x_wconf 89' lang='lat' dir='ltr'><strong>in</strong></span> <span class='ocrx_word' id='word_1_114' title='bbox 1091 1739 1256 1801; x_wconf 79' lang='lat' dir='ltr'><strong>„quin</strong></span> <span class='ocrx_word' id='word_1_115' title='bbox 1288 1737 1468 1784; x_wconf 40' lang='lat' dir='ltr'><strong>illia&amp;</strong></span> <span class='ocrx_word' id='word_1_116' title='bbox 1514 1755 1618 1784; x_wconf 90' lang='lat' dir='ltr'><strong>mu-</strong></span> 
     </span>
     <span class='ocr_line' id='line_1_19' title="bbox 188 1814 562 1864; baseline -0.005 0"><span class='ocrx_word' id='word_1_117' title='bbox 188 1817 300 1864; x_wconf 87' lang='lat' dir='ltr'><strong>tatio</strong></span> <span class='ocrx_word' id='word_1_118' title='bbox 334 1814 562 1864; x_wconf 86' lang='lat' dir='ltr'><strong>facienda.</strong></span> 
     </span>
    </p>

    <p class='ocr_par' dir='ltr' id='par_1_10' title="bbox 188 1894 1619 2202">
     <span class='ocr_line' id='line_1_20' title="bbox 322 1894 1619 1961; baseline 0.001 -18"><span class='ocrx_word' id='word_1_119' title='bbox 322 1895 451 1952; x_wconf 88' lang='lat' dir='ltr'><strong>Quid</strong></span> <span class='ocrx_word' id='word_1_120' title='bbox 503 1894 669 1943; x_wconf 79' lang='lat' dir='ltr'><strong>enim?</strong></span> <span class='ocrx_word' id='word_1_121' title='bbox 717 1913 877 1943; x_wconf 89' lang='lat' dir='ltr'><strong>nonne</strong></span> <span class='ocrx_word' id='word_1_122' title='bbox 921 1897 1103 1944; x_wconf 86' lang='lat' dir='ltr'><strong>clarum</strong></span> <span class='ocrx_word' id='word_1_123' title='bbox 1146 1911 1238 1955; x_wconf 82' lang='lat' dir='ltr'><strong>est,</strong></span> <span class='ocrx_word' id='word_1_124' title='bbox 1289 1895 1619 1961; x_wconf 81' lang='lat' dir='ltr'><strong>gradationem</strong></span> 
     </span>
     <span class='ocr_line' id='line_1_21' title="bbox 188 1974 1617 2025; baseline 0.001 -2"><span class='ocrx_word' id='word_1_125' title='bbox 188 1977 335 2023; x_wconf 86' lang='lat' dir='ltr'><strong>inesse</strong></span> <span class='ocrx_word' id='word_1_126' title='bbox 374 1976 628 2023; x_wconf 87' lang='lat' dir='ltr'><strong>sententiae</strong></span> <span class='ocrx_word' id='word_1_127' title='bbox 669 1975 717 2024; x_wconf 83' lang='lat' dir='ltr'><strong>h.</strong></span> <span class='ocrx_word' id='word_1_128' title='bbox 754 1976 784 2022; x_wconf 92' lang='lat' dir='ltr'><strong>l.</strong></span> <span class='ocrx_word' id='word_1_129' title='bbox 828 1974 1137 2024; x_wconf 80' lang='lat' dir='ltr'><strong>enunciatae‘?</strong></span> <span class='ocrx_word' id='word_1_130' title='bbox 1210 1975 1325 2024; x_wconf 86' lang='lat' dir='ltr'><strong>Non</strong></span> <span class='ocrx_word' id='word_1_131' title='bbox 1363 1977 1617 2025; x_wconf 86' lang='lat' dir='ltr'><strong>memoriae</strong></span> 
     </span>
     <span class='ocr_line' id='line_1_22' title="bbox 188 2055 1618 2122; baseline 0.002 -20"><span class='ocrx_word' id='word_1_132' title='bbox 188 2069 370 2103; x_wconf 87' lang='lat' dir='ltr'><strong>tantum</strong></span> <span class='ocrx_word' id='word_1_133' title='bbox 406 2055 648 2114; x_wconf 83' lang='lat' dir='ltr'><strong>mandata,</strong></span> <span class='ocrx_word' id='word_1_134' title='bbox 681 2055 765 2103; x_wconf 89' lang='lat' dir='ltr'><strong>sed</strong></span> <span class='ocrx_word' id='word_1_135' title='bbox 796 2069 841 2103; x_wconf 85' lang='lat' dir='ltr'><strong>et</strong></span> <span class='ocrx_word' id='word_1_136' title='bbox 877 2056 1096 2122; x_wconf 87' lang='lat' dir='ltr'><strong>praemiis</strong></span> <span class='ocrx_word' id='word_1_137' title='bbox 1130 2059 1290 2104; x_wconf 87' lang='lat' dir='ltr'><strong>affecta</strong></span> <span class='ocrx_word' id='word_1_138' title='bbox 1323 2056 1495 2105; x_wconf 84' lang='lat' dir='ltr'><strong>dicitur</strong></span> <span class='ocrx_word' id='word_1_139' title='bbox 1528 2057 1618 2105; x_wconf 85' lang='lat' dir='ltr'><strong>viri</strong></span> 
     </span>
     <span class='ocr_line' id='line_1_23' title="bbox 188 2136 826 2202; baseline 0.002 -19"><span class='ocrx_word' id='word_1_140' title='bbox 188 2136 318 2183; x_wconf 86' lang='lat' dir='ltr'><strong>illius</strong></span> <span class='ocrx_word' id='word_1_141' title='bbox 351 2136 400 2183; x_wconf 88' lang='lat' dir='ltr'><strong>in</strong></span> <span class='ocrx_word' id='word_1_142' title='bbox 438 2138 637 2201; x_wconf 75' lang='lat' dir='ltr'><strong>patriam</strong></span> <span class='ocrx_word' id='word_1_143' title='bbox 670 2137 826 2202; x_wconf 87' lang='lat' dir='ltr'><strong>pietas.</strong></span> 
     </span>
    </p>

    <p class='ocr_par' dir='ltr' id='par_1_11' title="bbox 187 2216 1620 2525">
     <span class='ocr_line' id='line_1_24' title="bbox 322 2216 1619 2282; baseline 0.002 -19"><span class='ocrx_word' id='word_1_144' title='bbox 322 2216 491 2282; x_wconf 75' lang='lat' dir='ltr'><strong>Neque</strong></span> <span class='ocrx_word' id='word_1_145' title='bbox 527 2219 839 2266; x_wconf 84' lang='lat' dir='ltr'><strong>concesserim</strong></span> <span class='ocrx_word' id='word_1_146' title='bbox 876 2219 1078 2267; x_wconf 83' lang='lat' dir='ltr'><strong>Krausio</strong></span> <span class='ocrx_word' id='word_1_147' title='bbox 1104 2219 1161 2266; x_wconf 88' lang='lat' dir='ltr'><strong>V.</strong></span> <span class='ocrx_word' id='word_1_148' title='bbox 1188 2219 1248 2268; x_wconf 86' lang='lat' dir='ltr'><strong>D.</strong></span> <span class='ocrx_word' id='word_1_149' title='bbox 1283 2236 1450 2268; x_wconf 89' lang='lat' dir='ltr'><strong>vocem</strong></span> <span class='ocrx_word' id='word_1_150' title='bbox 1469 2220 1619 2265; x_wconf 67' lang='lat' dir='ltr'><strong>lucius</strong></span> 
     </span>
     <span class='ocr_line' id='line_1_25' title="bbox 187 2297 1619 2365; baseline 0 -20"><span class='ocrx_word' id='word_1_151' title='bbox 187 2298 331 2362; x_wconf 87' lang='lat' dir='ltr'><strong>ipsius</strong></span> <span class='ocrx_word' id='word_1_152' title='bbox 353 2297 525 2346; x_wconf 84' lang='lat' dir='ltr'><strong>Velleii</strong></span> <span class='ocrx_word' id='word_1_153' title='bbox 562 2300 836 2347; x_wconf 84' lang='lat' dir='ltr'><strong>auctoritate</strong></span> <span class='ocrx_word' id='word_1_154' title='bbox 877 2299 987 2361; x_wconf 79' lang='lat' dir='ltr'><strong>niti,</strong></span> <span class='ocrx_word' id='word_1_155' title='bbox 1026 2319 1176 2365; x_wconf 88' lang='lat' dir='ltr'><strong>quum</strong></span> <span class='ocrx_word' id='word_1_156' title='bbox 1212 2300 1320 2347; x_wconf 90' lang='lat' dir='ltr'><strong>loco</strong></span> <span class='ocrx_word' id='word_1_157' title='bbox 1358 2300 1440 2347; x_wconf 91' lang='lat' dir='ltr'><strong>illo</strong></span> <span class='ocrx_word' id='word_1_158' title='bbox 1477 2300 1619 2364; x_wconf 84' lang='lat' dir='ltr'><strong>quem</strong></span> 
     </span>
     <span class='ocr_line' id='line_1_26' title="bbox 189 2366 1620 2443; baseline 0.001 -18"><span class='ocrx_word' id='word_1_159' title='bbox 189 2378 355 2425; x_wconf 85' lang='lat' dir='ltr'><strong>excitat</strong></span> <span class='ocrx_word' id='word_1_160' title='bbox 388 2378 460 2436; x_wconf 88' lang='lat' dir='ltr'><strong>(c.</strong></span> <span class='ocrx_word' id='word_1_161' title='bbox 483 2381 544 2425; x_wconf 82' lang='lat'><strong>46</strong></span> <span class='ocrx_word' id='word_1_162' title='bbox 577 2380 614 2443; x_wconf 55' lang='grc' dir='ltr'><strong>ᾗ.</strong></span> <span class='ocrx_word' id='word_1_163' title='bbox 643 2397 667 2426; x_wconf 85' lang='lat'><strong>2</strong></span> <span class='ocrx_word' id='word_1_164' title='bbox 695 2380 743 2426; x_wconf 80' lang='lat'>&amp;</span> <span class='ocrx_word' id='word_1_165' title='bbox 767 2381 830 2439; x_wconf 86' lang='lat'><strong>5)</strong></span> <span class='ocrx_word' id='word_1_166' title='bbox 867 2397 963 2426; x_wconf 86' lang='lat' dir='ltr'><strong>non</strong></span> <span class='ocrx_word' id='word_1_167' title='bbox 1005 2397 1142 2427; x_wconf 87' lang='lat' dir='ltr'><strong>voces</strong></span> <span class='ocrx_word' id='word_1_168' title='bbox 1183 2382 1337 2427; x_wconf 73' lang='lat' dir='ltr'><strong>Caius</strong></span> <span class='ocrx_word' id='word_1_169' title='bbox 1374 2393 1418 2427; x_wconf 88' lang='lat' dir='ltr'><strong>et</strong></span> <span class='ocrx_word' id='word_1_170' title='bbox 1456 2366 1620 2427; x_wconf 65' lang='lat' dir='ltr'><strong>Huiics</strong></span> 
     </span>
     <span class='ocr_line' id='line_1_27' title="bbox 187 2456 1618 2525; baseline 0.001 -20"><span class='ocrx_word' id='word_1_171' title='bbox 187 2456 269 2505; x_wconf 86' lang='lat' dir='ltr'><strong>sed</strong></span> <span class='ocrx_word' id='word_1_172' title='bbox 306 2458 406 2516; x_wconf 79' lang='lat' dir='ltr'><strong>Qui</strong></span> <span class='ocrx_word' id='word_1_173' title='bbox 430 2460 508 2503; x_wconf 79' lang='lat' dir='ltr'><strong>vir</strong></span> <span class='ocrx_word' id='word_1_174' title='bbox 540 2471 587 2504; x_wconf 90' lang='lat' dir='ltr'><strong>et</strong></span> <span class='ocrx_word' id='word_1_175' title='bbox 608 2457 755 2505; x_wconf 83' lang='lat' dir='ltr'><strong>Hunc</strong></span> <span class='ocrx_word' id='word_1_176' title='bbox 787 2459 1059 2507; x_wconf 86' lang='lat' dir='ltr'><strong>coniunctas</strong></span> <span class='ocrx_word' id='word_1_177' title='bbox 1097 2459 1346 2507; x_wconf 82' lang='lat' dir='ltr'><strong>ordiantur</strong></span> <span class='ocrx_word' id='word_1_178' title='bbox 1380 2458 1618 2525; x_wconf 81' lang='lat' dir='ltr'><strong>periodos.</strong></span> 
     </span>
    </p>

    <p class='ocr_par' dir='ltr' id='par_1_12' title="bbox 320 2536 1622 2604">
     <span class='ocr_line' id='line_1_28' title="bbox 320 2536 1622 2604; baseline 0.004 -22"><span class='ocrx_word' id='word_1_179' title='bbox 320 2536 393 2582; x_wconf 91' lang='lat' dir='ltr'><strong>De</strong></span> <span class='ocrx_word' id='word_1_180' title='bbox 424 2547 540 2585; x_wconf 88' lang='lat' dir='ltr'><strong>voce</strong></span> <span class='ocrx_word' id='word_1_181' title='bbox 576 2538 714 2584; x_wconf 74' lang='lat' dir='ltr'><strong>cuius</strong></span> <span class='ocrx_word' id='word_1_182' title='bbox 738 2540 857 2600; x_wconf 77' lang='lat' dir='ltr'><strong>quin</strong></span> <span class='ocrx_word' id='word_1_183' title='bbox 889 2538 1170 2603; x_wconf 84' lang='lat' dir='ltr'><strong>corrigenda</strong></span> <span class='ocrx_word' id='word_1_184' title='bbox 1204 2539 1303 2604; x_wconf 88' lang='lat' dir='ltr'><strong>ipse</strong></span> <span class='ocrx_word' id='word_1_185' title='bbox 1338 2539 1454 2587; x_wconf 88' lang='lat' dir='ltr'><strong>mihi</strong></span> <span class='ocrx_word' id='word_1_186' title='bbox 1491 2538 1622 2586; x_wconf 88' lang='lat' dir='ltr'><strong>adest</strong></span> 
     </span>
    </p>
   </div>
   <div class='ocr_carea' id='block_1_10' title="bbox 188 2616 1620 2686">
    <p class='ocr_par' dir='ltr' id='par_1_13' title="bbox 188 2616 1620 2686">
     <span class='ocr_line' id='line_1_29' title="bbox 188 2616 1620 2686; baseline -0.001 -19"><span class='ocrx_word' id='word_1_187' title='bbox 188 2616 533 2679; x_wconf 77' lang='lat' dir='ltr'><strong>Ruhnkenius‚</strong></span> <span class='ocrx_word' id='word_1_188' title='bbox 582 2617 665 2683; x_wconf 88' lang='lat' dir='ltr'><strong>qui</strong></span> <span class='ocrx_word' id='word_1_189' title='bbox 712 2618 852 2665; x_wconf 86' lang='lat' dir='ltr'><strong>etiam</strong></span> <span class='ocrx_word' id='word_1_190' title='bbox 899 2618 1206 2684; x_wconf 87' lang='lat' dir='ltr'><strong>nonagesimo</strong></span> <span class='ocrx_word' id='word_1_191' title='bbox 1260 2633 1428 2686; x_wconf 88' lang='lat' dir='ltr'><strong>quarto</strong></span> <span class='ocrx_word' id='word_1_192' title='bbox 1476 2619 1620 2667; x_wconf 90' lang='lat' dir='ltr'><strong>huius</strong></span> 
     </span>
    </p>
   </div>
   <div class='ocr_carea' id='block_1_11' title="bbox 186 2696 1624 2767">
    <p class='ocr_par' dir='ltr' id='par_1_14' title="bbox 186 2696 1624 2767">
     <span class='ocr_line' id='line_1_30' title="bbox 186 2696 1624 2767; baseline 0 -20"><span class='ocrx_word' id='word_1_193' title='bbox 186 2699 299 2747; x_wconf 87' lang='lat' dir='ltr'><strong>libri</strong></span> <span class='ocrx_word' id='word_1_194' title='bbox 348 2697 498 2763; x_wconf 86' lang='lat' dir='ltr'><strong>capite</strong></span> <span class='ocrx_word' id='word_1_195' title='bbox 536 2696 602 2762; x_wconf 56' lang='grc' dir='ltr'><strong>(ᾗ.</strong></span> <span class='ocrx_word' id='word_1_196' title='bbox 629 2701 689 2755; x_wconf 84' lang='lat'><strong>4&gt;</strong></span> <span class='ocrx_word' id='word_1_197' title='bbox 745 2699 1025 2762; x_wconf 85' lang='lat' dir='ltr'><strong>particulam</strong></span> <span class='ocrx_word' id='word_1_198' title='bbox 1076 2702 1210 2760; x_wconf 84' lang='lat' dir='ltr'><strong>Quin</strong></span> <span class='ocrx_word' id='word_1_199' title='bbox 1253 2719 1342 2767; x_wconf 88' lang='lat' dir='ltr'><strong>pro</strong></span> <span class='ocrx_word' id='word_1_200' title='bbox 1387 2718 1446 2750; x_wconf 85' lang='lat' dir='ltr'><strong>eo</strong></span> <span class='ocrx_word' id='word_1_201' title='bbox 1489 2698 1624 2767; x_wconf 78' lang='lat' dir='ltr'><strong>quod</strong></span> 
     </span>
    </p>
   </div>
   <div class='ocr_carea' id='block_1_12' title="bbox 1682 10 1697 726">
    <p class='ocr_par' dir='ltr' id='par_1_15' title="bbox 1682 10 1697 726">
     <span class='ocr_line' id='line_1_31' title="bbox 1682 10 1697 726; baseline 0 0"><span class='ocrx_word' id='word_1_202' title='bbox 1682 10 1697 726; x_wconf 95' lang='lat' dir='ltr'><strong> </strong></span> 
     </span>
    </p>
   </div>
   <div class='ocr_carea' id='block_1_13' title="bbox 1686 629 1714 1154">
    <p class='ocr_par' dir='ltr' id='par_1_16' title="bbox 1686 629 1714 1154">
     <span class='ocr_line' id='line_1_32' title="bbox 1686 629 1714 1154; baseline 0 1963"><span class='ocrx_word' id='word_1_203' title='bbox 1686 629 1714 1154; x_wconf 95' lang='lat' dir='ltr'><strong> </strong></span> 
     </span>
    </p>
   </div>
  </div>
 </body>
</html>
