1715 3117
1389 205 1479 252 113

55 320 298 368 Romanos
341 334 544 384 spectat,
603 320 696 368 hoc
748 334 902 368 autem
951 325 1098 388 capite
1128 326 1277 377 ἓῑνῖῑ
1314 330 1479 377 vocula

49 400 197 462 *nobis
228 399 308 446 alii
335 401 626 464 oppositioni
659 401 997 464 exprimendae
1029 403 1226 452 inservit.

181 479 415 527 Varianae
459 479 604 527 cladis
643 480 880 544 regionem
933 481 1065 546 quod
1106 487 1285 531 saltam
1332 487 1479 532 nomi-

53 558 179 605 navit
218 559 430 607 Velleius
476 559 594 606 nihil
637 560 806 606 melius
845 559 959 606 nihil
993 561 1137 624 magis
1183 565 1370 627 proprie
1405 564 1475 611 di-

52 653 159 685 cere
216 639 383 702 potuit.
491 639 550 686 Et
617 639 738 686 nihil
798 653 865 687 est
920 639 1049 703 quod
1118 641 1190 687 alii
1243 643 1475 691 intrudere

0 707 3 766 i
53 717 310 764 voluerunt
346 720 570 764 salutem.

0 784 1 791 ἵ
159 796 421 845 Turbatam
435 799 691 862 verborum
706 807 900 844 tantum
919 799 1060 844 nobis
1073 800 1356 862 positionem
1374 819 1472 849 cor-

50 875 266 924 reximus.
336 876 433 924 Sed
463 890 604 924 restat
633 891 686 924 ut
721 876 778 924 de
812 878 962 924 verbis
989 879 1066 923 Ne
1087 889 1324 941 occupato
1356 883 1477 926 duce

50 966 155 1002 cett.
191 974 402 1020 pugnam
438 956 758 1044 ingrediamur
795 974 902 1003 cum
947 958 1001 1003 iis
1042 957 1122 1021 qui
1149 959 1317 1005 Vossio
1354 958 1473 1006 duce

46 1035 210 1082 locum
251 1048 466 1083 nostrum
503 1035 635 1083 hunc
674 1037 723 1082 in
769 1035 963 1083 modum
1008 1035 1350 1100 complendum
1388 1037 1473 1084 du·

48 1128 180 1161 cunt:

190 1212 252 1241 ne
301 1203 541 1256 occupato
589 1196 711 1239 duce
753 1195 805 1239 in
851 1193 1159 1240 debellandis
1197 1196 1471 1241 Pannoniis

190 1276 404 1320 victores
444 1274 688 1318 Germani
721 1274 784 1318 iis
821 1291 872 1317 se
909 1275 1260 1334 coniungerent
1271 1277 1327 1332 ,·“

45 1352 390 1399 conferendum
443 1353 569 1399 enirn
619 1352 901 1399 Suetonium
948 1350 1055 1397 Tib.
1095 1369 1165 1411 17.
1197 1380 1264 1388 —
1338 1352 1472 1407 Quae

10 1429 215 1478 ·deiude
254 1446 510 1497 sequantur
551 1433 612 1478 ita
661 1429 940 1494 corrigenda
979 1447 1098 1476 esse:
1173 1433 1278 1477 Sed
1317 1449 1468 1478 causa

46 1520 96 1557 et
120 1529 346 1574 persona
380 1529 574 1558 moram
618 1512 784 1572 exigit.
864 1508 1009 1557 Vides
1045 1527 1183 1572 quam
1222 1528 1384 1557 manca
1424 1522 1469 1557 et

45 1589 259 1657 adeoque
297 1590 590 1638 mutilissima
625 1590 716 1636 sint
757 1589 872 1635 haec
916 1589 1026 1636 VV.
1062 1589 1167 1635 DD.
1202 1590 1464 1635 tentamina.

43 1670 232 1718 Etenim
265 1689 325 1718 ne
361 1684 555 1737 apparet
584 1669 802 1735 quidem,
843 1669 1084 1716 cuiusnam
1114 1686 1250 1716 causa
1284 1683 1349 1716 et·
1361 1686 1465 1733 per·

43 1767 157 1798 sona
186 1750 380 1799 dicatur.
413 1780 480 1786 -

173 1828 467 1892 Comparatis
514 1846 687 1876 vocum
731 1829 960 1874 Fortuna
1010 1841 1054 1873 et
1098 1846 1131 1873 a
1175 1845 1254 1873 me
1299 1828 1463 1876 formis

43 1908 238 1973 colliges
284 1927 377 1974 qua
412 1909 592 1956 ratione
637 1925 754 1971 quae
796 1924 882 1954 nos
918 1906 1199 1953 inseruimus
1234 1907 1372 1953 verba
1405 1907 1461 1954 li-

41 1987 187 2035 brarii
246 1988 427 2035 incuria
484 1987 834 2047 interciderint,
911 1980 1085 2052 quippe
1151 1986 1233 2050 qui
1288 2002 1459 2033 vocum

42 2066 350 2115 similitudine
393 2067 614 2132 deceptus
662 2069 834 2132 putarit
880 2083 927 2112 se
963 2066 1058 2111 iam
1092 2081 1236 2126 usque
1279 2063 1337 2110 ad
1388 2083 1458 2112 vv.

41 2165 74 2193 a
96 2165 175 2193 me
213 2147 462 2195 scribendo
498 2147 803 2213 processisse,
856 2164 1000 2211 quum
1032 2144 1147 2190 nihil
1181 2142 1335 2190 adhuc
1369 2144 1457 2190 nisi

39 2221 308 2275 Fortuna
339 2228 484 2276 literis
517 2227 844 2290 consignasset.
938 2225 1057 2272 voe.
1092 2241 1152 2269 ne
1189 2236 1346 2269 ortum
1389 2235 1454 2269 cst

19 2325 94 2356 ‘ex
131 2309 267 2373 signo
296 2310 340 2354 [ε
368 2321 424 2344 =
456 2307 585 2354 licet:
627 2305 720 2353 vid.
750 2305 840 2353 tab.

171 2386 461 2436 Sententiam
490 2400 675 2431 tuemur
706 2383 762 2430 iis
793 2399 909 2448 quos
941 2392 983 2427 et
1013 2380 1257 2438 Krausius,
1291 2378 1375 2438 vir,
1405 2391 1455 2423 ut

36 2468 206 2516 iterum
246 2467 422 2526 dicam,
470 2463 842 2528 diligentissimus
884 2471 928 2507 et
962 2460 1051 2506 hac
1098 2477 1152 2505 ex
1189 2477 1235 2504 rc
1274 2459 1452 2522 probis-

39 2547 156 2594 sime
183 2544 451 2611 interpretis
485 2544 609 2591 vices
645 2555 929 2599 sustentan5‚
969 2537 1232 2586 dummodo
1272 2537 1450 2600 saepius

37 2643 121 2673 suo
157 2626 301 2691 ipsius
336 2625 529 2673 arbitrio
566 2642 676 2670 usus
719 2623 853 2686 plura
887 2637 1006 2667 nova
1040 2620 1264 2665 attulisset
1305 2643 1360 2651 -
1395 2615 1448 2659 iis

34 2705 226 2770 inquam
271 2705 389 2766 locis
439 2720 556 2768 quos
601 2702 831 2751 Krausius
875 2716 1060 2762 quoque
1109 2691 1448 2759 comparandos

1072 2770 1098 2806 8
