1715 3117
226 222 342 259 xvm

229 334 360 383 detur
400 351 458 381 ex
495 331 567 380 his
603 331 742 379 locis:
791 348 834 394 p.
858 327 944 388 40,
974 327 1023 375 5.
1062 325 1150 389 46,
1170 325 1218 375 6.
1261 326 1346 388 51,
1369 327 1448 377 18.
1491 325 1647 388 55,1.

229 409 314 471 60,
344 407 420 456 15.
458 407 546 469 80,
567 405 651 455 24.
703 405 792 466 87,
822 409 865 454 1.
916 402 1030 464 112,
1050 403 1098 451 5.
1148 400 1266 463 151,
1293 401 1371 453 14.
1427 402 1543 464 156,
1567 402 1648 454 16.

231 484 350 545 158,
377 483 461 532 20.
538 483 636 544 Qui
672 482 760 529 loci
793 499 936 546 quum
975 497 1135 527 omnes
1174 478 1390 526 Rhenani
1426 479 1649 528 lectiones

229 558 617 609 Amerbaehianis
641 557 978 622 superscriptas
1000 554 1269 619 praebeant,
1291 571 1385 601 non
1408 563 1494 616 est,
1524 554 1651 619 quod

231 656 336 685 eum
374 635 555 684 Orellio
595 642 878 694 statuamus,
928 649 1008 680 eos
1043 639 1290 695 antequam
1329 629 1487 677 Editio
1528 631 1649 694 prin-

233 731 343 777 ceps
383 710 609 776 prodierit
647 716 879 757 correctos
913 714 1173 754 mutatosve
1214 723 1365 755 esses

347 809 557 858 Orellius
617 809 678 856 V.
721 806 795 853 Ill.
836 813 1058 871 quantum
1117 806 1165 850 in
1225 803 1407 852 Velleio
1475 801 1654 900 edendo

233 885 511 953 praestiterit
553 881 765 946 pluribus
812 899 1042 945 exponere
1080 880 1275 944 longum
1318 887 1400 927 est.
1502 878 1656 942 Egre—

233 964 334 1028 gias
398 967 548 1007 autem
602 959 886 1006 coniecturas
936 974 1052 1021 quas
1100 965 1146 1003 et
1204 958 1306 1020 ipse
1365 955 1478 1002 feeit
1533 971 1656 1001 eom-

232 1038 391 1102 plures
441 1043 486 1082 et
537 1033 596 1080 ab
643 1034 802 1080 amicis
845 1033 940 1079 suis
979 1031 1175 1095 aliisque
1215 1029 1320 1079 VV.
1357 1031 1469 1077 DD.
1510 1030 1658 1077 factas

234 1113 377 1177 elegit
416 1119 495 1158 aut
531 1110 579 1155 in
618 1110 815 1173 pristina
857 1108 957 1153 iura
1003 1107 1206 1153 restituit
1254 1106 1436 1152 silentio
1476 1113 1656 1169 praete-

232 1190 326 1236 rire
364 1185 581 1250 religioni
624 1184 846 1231 ducimus.
936 1181 1162 1229 Omnium
1202 1180 1338 1227 facile
1381 1182 1659 1245 praecipuae

235 1271 343 1311 sunt
393 1270 438 1308 et
472 1259 723 1324 palmariae
763 1273 881 1322 quae
919 1257 1142 1321 leguntur
1187 1275 1232 1320 p.
1258 1254 1342 1316 12,
1370 1255 1449 1303 17.
1488 1255 1577 1316 54,
1606 1254 1656 1305 5.
1702 1272 1715 1312 ,<

234 1337 321 1398 46,
348 1335 431 1383 26.
476 1333 670 1396 62,22.
725 1332 809 1392 74,
838 1331 916 1379 15.
964 1329 1049 1392 77,
1073 1330 1158 1380 20.
1214 1330 1331 1391 105,
1355 1330 1403 1377 6.
1445 1315 1704 1392 118,11.f¹

236 1412 355 1474 144,
379 1411 458 1461 16.
519 1411 705 1475 Pagina
733 1407 851 1468 125,
883 1405 952 1454 27
995 1415 1066 1455 est
1110 1406 1425 1472 pulcherrima
1463 1407 1659 1470 Sauppii
1695 1386 1706 1478 ¹}

238 1490 512 1538 coniectura.
580 1487 647 1534 Et
681 1486 880 1531 maxime
915 1483 1122 1530 arrident
1161 1500 1280 1548 quae
1317 1500 1425 1547 pag.
1451 1481 1540 1544 48,
1567 1481 1660 1545 153
1704 1484 1706 1537 l

236 1563 321 1620 50,
347 1563 381 1611 6
427 1561 644 1610 Handius
685 1569 730 1608 et
767 1560 1008 1606 Puteanus
1048 1558 1330 1606 obtulerunt.
1705 1540 1708 1611 i

364 1662 647 1725 Priusquam
693 1659 991 1722 praefationis
1031 1657 1167 1704 huius
1207 1656 1265 1703 ad
1305 1656 1443 1703 finem
1492 1670 1658 1720 prope·
1705 1648 1710 1709 ξ

236 1756 415 1798 remus,
475 1736 660 1782 Burerii
703 1736 840 1781 etiam
897 1734 1037 1781 fidem
1076 1731 1438 1780 Amerbaehiani
1490 1729 1660 1778 codicis
1698 1718 1709 1812 {l

237 1816 509 1863 auctoritate
557 1814 875 1875 impugnatam
924 1810 1044 1856 tueri
1083 1810 1129 1855 in
1169 1810 1323 1855 animo
1366 1815 1450 1855 est.
1535 1806 1659 1855 Con·
1700 1782 1711 1879 q

239 1890 443 1939 cedimus
485 1887 672 1952 quidem
715 1893 905 1949 propter
942 1885 1120 1949 aliquot
1159 1884 1314 1944 10005,
1363 1882 1443 1930 ubi
1504 1897 1660 1930 veram

238 1966 479 2014 lectionem
499 1961 692 2026 praehet
723 1960 870 2008 codex
898 1958 1199 2020 Amerhaeh.,
1224 1959 1473 2006 Burcrium
1502 1952 1658 2021 ἀβλε-

239 2037 357 2104 ψίας
396 2056 495 2086 esse
535 2035 870 2099 accusandum,
915 2036 1188 2084 eonfitemur
1227 2039 1389 2095 etiam,
1428 2051 1515 2083 nos
1552 2050 1658 2098 pro-

240 2126 342 2180 pter
385 2116 552 2160 mirum
595 2115 675 2178 qui
723 2130 831 2176 pag.
853 2111 939 2172 89,
970 2112 1020 2161 9.
1063 2110 1151 2171 95,
1182 2110 1253 2157 22
1301 2118 1372 2158 est
1410 2110 1658 2158 lectionum

237 2192 585 2239 Rhenaniarum
637 2196 682 2236 et
730 2185 1206 2235 Amerbaehianarum
1253 2203 1526 2234 eonsensum
1575 2184 1655 2231 du-

239 2268 342 2314 bios
384 2266 599 2324 haerere,
645 2272 801 2310 utrum
841 2263 911 2310 his
951 2281 1009 2309 an
1051 2263 1248 2310 Burerio
1292 2261 1432 2310 fidem
1484 2259 1643 2307 haber«

202 2372 210 2381 ι
240 2342 513 2390 debeamus:
551 2339 666 2386 illud
699 2347 850 2386 tamen
877 2339 1012 2386 nobis
1043 2351 1314 2403 persuasum
1349 2345 1446 2397 est,
1484 2354 1576 2382 una
1610 2336 1659 2383 in

241 2436 290 2465 re
329 2418 543 2464 iniustius
593 2417 640 2460 in
687 2414 933 2461 Burerium
976 2418 1208 2462 invectum
1266 2430 1367 2460 0550
1410 2410 1656 2458 Orellium.

241 2494 367 2540 Dicit
410 2493 529 2538 enim
574 2490 745 2538 codicis
771 2488 968 2539 Amen-l).
1009 2508 1097 2554 ope
1140 2490 1301 2536 tacitas
1331 2487 1549 2534 Rhenani
1588 2488 1656 2533 in-

242 2568 569 2632 terpolationes
591 2566 790 2613 detectas
821 2584 923 2613 esse
963 2566 994 2615 l.
1017 2567 1083 2626 ll,
1114 2563 1193 2625 15,
1210 2563 1262 2623 2,
1301 2562 1388 2623 26,
1407 2560 1456 2608 5.
1497 2560 1584 2621 27,
1607 2560 1654 2610 5.

241 2641 328 2703 58,
350 2642 397 2689 (i.
437 2642 523 2703 47,
545 2641 593 2688 5.
634 2639 720 2702 57,
745 2646 787 2691 1.
833 2640 949 2701 120,
969 2640 1018 2691 2.
1107 2639 1249 2702 Quod
1287 2639 1326 2685 si
1372 2655 1531 2685 verum
1570 2644 1656 2696 est,

241 2720 473 2782 sequitur,
524 2718 705 2767 Burerii
751 2719 976 2769 incuriam
1021 2716 1105 2764 has
1144 2714 1359 2766 Rhenani
1409 2711 1654 2778 interpola·
1712 2667 1715 2740 i

1712 2794 1715 2879 ¹
