1715 3117
213 236 276 284 58

356 364 688 422 „Memoriae
717 363 980 425 proditur,
1014 361 1189 426 inquit,
1229 365 1477 426 quasdam
1512 365 1648 412 acie-s

357 446 628 493 inclinatas
670 447 776 492 iam
818 462 879 491 ac
924 444 1153 492 labantes
1195 462 1229 490 a
1246 445 1462 506 feminis
1502 444 1648 491 resti·

358 534 495 572 tatas
523 527 806 573 constantia
830 541 1045 588 precam
1059 531 1094 554 “
1132 536 1237 572 cett.

213 627 366 694 Atqui
389 627 437 677 h.
456 628 488 675 l.
523 629 630 676 luce
666 628 837 675 clarius
864 638 932 674 est
961 627 1066 692 ipso
1089 627 1266 691 plurali
1292 643 1491 675 numero
1520 643 1650 674 exer-

141 752 144 756 .
214 710 330 758 citus
362 710 523 773 plures
562 707 837 772 significari,
886 706 967 770 qui
991 707 1098 754 sint
1129 706 1324 754 diversis
1353 706 1650 770 temporibus
1706 707 1708 710 ’

215 790 427 837 restituti.
495 788 609 836 Hoc
640 801 795 835 autem
828 790 975 836 modo
999 805 1166 835 vocem
1202 789 1337 834 acies
1365 787 1507 851 etiam
1543 787 1649 850 plu-

213 869 297 917 rali
333 887 531 917 numero
560 868 785 932 {usurpari
836 867 911 915 vix
953 881 1021 913 est
1065 865 1195 930 quod
1233 866 1431 914 dubites.
1518 851 1663 922 Quin¹

211 950 368 1014 ipsum
419 949 553 996 etiam
597 948 841 994 Velleium
881 947 1006 994 hanc
1049 947 1099 993 in
1139 964 1242 994 rem
1289 947 1429 995 citare
1468 959 1653 1012 poterat

211 1029 453 1079 Krausius.
519 1028 605 1074 Ille
632 1026 784 1074 enim:

366 1134 507 1192 Quas
527 1148 643 1187 nos,
680 1129 861 1192 inquit,
896 1130 1065 1191 primo
1100 1147 1232 1176 anno
1267 1131 1401 1177 acies
1434 1131 1654 1177 hostium

361 1209 620 1259 vidimus?
647 1238 715 1246 —-

215 1317 286 1365 Ita
322 1314 500 1381 plurali
531 1329 730 1360 numero
763 1314 951 1378 effertur
987 1329 1030 1363 v.
1057 1312 1176 1359 acies
1216 1330 1290 1377 ap.
1320 1313 1450 1361 Caes.
1483 1313 1528 1359 b.
1553 1331 1592 1359 c.
1613 1310 1653 1372 Ι,

218 1399 293 1444 82.
325 1399 398 1443 85.
427 1424 496 1432 —-
530 1393 592 1440 ita
628 1410 702 1456 ap.
735 1392 838 1440 Liv.
875 1395 951 1452 25,
975 1395 1050 1440 54.
1098 1393 1307 1457 Agmina
1328 1392 1475 1458 magis
1509 1408 1651 1456 quam

216 1477 340 1524 acies
374 1477 668 1540 pugnabant.
706 1502 774 1510 —-
831 1473 1072 1538 Recteqne
1104 1473 1373 1521 Freundius
1414 1474 1463 1520 in
1503 1473 1655 1520 lexico

219 1555 350 1620 quod
390 1573 544 1619 nuper
600 1552 748 1601 edidit
780 1553 927 1599 latino
972 1553 1220 1617 pluraliter
1269 1571 1367 1601 non
1410 1553 1655 1601 collective

220 1636 430 1703 positum
468 1635 692 1698 opinatur
731 1651 771 1680 v.
806 1632 941 1679 acies.
1021 1633 1205 1680 Verum
1238 1646 1293 1681 ut
1330 1633 1448 1681 haec
1496 1632 1657 1680 omnia

219 1715 417 1782 probari
441 1732 537 1762 non
559 1713 754 1779 possint,
791 1726 946 1758 tamen
973 1711 1017 1759 h.
1036 1712 1064 1760 l.
1091 1714 1396 1777 pertinaciter
1419 1713 1655 1761 vocabulo
1713 1718 1714 1735 ³

220 1799 356 1844 acies
388 1797 552 1842 locum
594 1810 690 1840 esse
723 1809 962 1856 negamus.
1050 1791 1281 1840 Attendas
1317 1793 1446 1840 enim
1481 1809 1655 1858 quaeso

223 1876 435 1923 animum
465 1872 525 1920 ad
557 1890 608 1919 ea
644 1889 765 1935 quae
801 1871 1024 1935 proxime
1062 1871 1370 1937 praecedunt.
1438 1872 1658 1934 „Caesar‚
1711 1904 1713 1929 j

223 1955 481 2005 consistens
509 1965 615 2001 ante
645 1951 947 2000 recedentem
971 1969 1168 1999 suorum
1195 1956 1368 2000 aciem.
1410 1953 1511 2001 Iam
1543 1951 1659 2017 quid
1711 1935 1715 2016 s*

223 2035 371 2098 magis
411 2047 780 2082 consentaneum
826 2049 966 2095 quam
1013 2044 1066 2079 ut
1108 2048 1471 2099 consequatur-2·
1505 2034 1659 2081 Acies
1711 2017 1715 2073 1ἲ

223 2116 473 2163 restituta.
1710 2097 1711 2102 ¹

326 2236 542 2284 Fortasse
578 2233 884 2282 scribendum
902 2252 911 2281 :

375 2340 433 2385 V
424 2339 692 2384 erecandia
747 2338 912 2398 magis
963 2354 1118 2399 qaam
1166 2339 1351 2384 virtute
1398 2339 1532 2384 acies
1582 2355 1660 2383 re·
1708 2322 1710 2340 ζ

366 2420 547 2465 stitata
589 2426 665 2463 est
713 2434 748 2463 a
780 2415 1042 2483 [Caesare]
1082 2421 1205 2465 duce
1241 2435 1392 2481 quam
1425 2434 1460 2463 a
1501 2417 1661 2464 milite

357 2499 566 2559 fortias.

227 2598 474 2667 Asyndeto
505 2610 691 2645 tantum
721 2600 850 2646 abest
883 2612 937 2644 ut
970 2599 1130 2645 locum
1167 2598 1246 2654 hic
1279 2615 1378 2645 esse
1409 2596 1661 2662 denegem,
1709 2651 1713 2656 ⁴

226 2694 281 2728 ut
309 2678 596 2727 Coniunctio
631 2688 680 2724 et
717 2678 763 2726 h.
788 2679 820 2726 l.
864 2678 1016 2742 posita
1047 2677 1310 2725 orationem
1345 2694 1562 2726 enervare
1592 2675 1661 2726 vi-

229 2759 405 2807 deatur.
483 2757 691 2806 Caesaris
733 2775 909 2806 nomen
959 2756 1196 2819 indicans,
1254 2757 1373 2805 olim
1410 2773 1515 2806 mea
1558 2754 1663 2820 opi·
