1715 3117
165 188 260 237 138

165 324 269 364 tute
290 315 526 375 feminae
561 313 766 373 eminet,
794 311 1010 374 propria
1043 311 1202 356 latet!
1225 337 1283 349 -—
1318 308 1590 358 Similitudo
1654 311 1660 319 ”

164 413 236 444 vv.
263 396 499 458 feminae
537 405 584 440 et
609 394 792 443 eminet
828 392 875 438 in
915 389 1077 438 oculos
1113 389 1319 439 incurrit.

696 511 803 577 Pag.
823 518 892 563 47.
924 529 966 559 v.
987 516 1055 561 14.

294 599 366 661 II,
396 616 467 662 27.
496 616 534 646 1.
591 600 673 645 vir
701 625 768 634 --
791 594 1134 660 penitusque]
1197 593 1327 644 Fort.
1361 595 1450 661 leg.
1501 596 1598 642 Vir

166 682 324 729 animi
341 679 688 741 fortissimus,
731 677 941 740 bellique
965 676 1320 741 peritissimus.

712 798 818 862 Pag.
839 804 908 850 49.
944 817 987 847 v.
1006 806 1047 850 6.

298 887 362 947 ΙΙ,
388 888 460 934 28.
488 899 530 932 2.
601 882 714 932 Non
742 895 886 947 patet,
916 895 1078 929 utrum
1097 881 1303 945 AffellQ
1338 886 1396 929 aii
1423 881 1599 930 Asella

165 968 223 1016 sit
256 968 307 1016 in
339 965 446 1014 cod.
478 965 537 1012 A.

693 1064 804 1133 Pag.
828 1073 899 1120 49.
931 1087 974 1117 v.
998 1072 1068 1119 10.

297 1157 360 1219 II,
385 1174 458 1218 27.
487 1156 530 1202 6.
576 1153 770 1201 sublato
810 1153 946 1219 eius]
1013 1152 1284 1203 Violentior
1326 1165 1393 1199 est
1432 1148 1604 1199 Orellii

170 1238 460 1287 coniectura:
519 1234 796 1283 retinuerim
843 1234 1093 1299 volgatam.
1200 1233 1360 1281 Sullae
1410 1231 1604 1297 quidem

171 1316 463 1382 temporibus
501 1314 665 1364 Sullae
710 1331 886 1361 nomen
930 1313 1066 1362 etiam
1110 1311 1324 1362 additu-m
1369 1329 1466 1360 esse
1515 1312 1606 1359 illis

171 1396 390 1446 vietor-iae
434 1393 559 1443 ludis
607 1410 746 1441 nemo
784 1393 993 1457 negabit:
1033 1392 1163 1444 unde
1208 1410 1356 1458 quum
1400 1392 1498 1457 ipsa
1540 1392 1607 1440 rei

173 1476 401 1525 memoria
432 1473 478 1520 h.
505 1472 537 1520 l.
572 1484 838 1538 repetatur,
871 1471 1091 1519 facillime
1123 1473 1261 1519 etiam
1294 1489 1468 1521 nomen
1494 1471 1609 1521 addi

175 1556 380 1623 potuisse
407 1551 609 1602 videtur.

704 1660 816 1724 Pag.
839 1665 907 1710 49.
941 1676 984 1709 v.
1008 1667 1077 1711 18.
1577 1723 1580 1726 .

305 1748 367 1811 ΙΙ,
396 1749 470 1798 28.
500 1763 541 1794 2.
582 1744 884 1813 excesserat]
950 1743 1081 1803 Quin
1116 1757 1226 1808 post
1253 1761 1297 1793 v.
1333 1732 1612 1794 excessemi

181 1830 336 1879 desint
372 1829 530 1894 aliqua
545 1863 558 1889 ,
597 1826 756 1875 nullus
787 1823 952 1873 dubito
966 1861 979 1886 ,
1026 1833 1071 1873 at
1101 1823 1256 1874 Cludii
1287 1824 1376 1874 fuit
1411 1826 1613 1874 ieiunius

181 1926 273 1973 est,
320 1910 481 1961 malim
519 1907 725 1956 inserere
771 1914 968 1953 creatus
998 1914 1136 1966 erat,
1176 1905 1511 1968 similitudine,
1559 1921 1612 1954 ut

182 2004 324 2058 puto,
359 1991 603 2038 literarum
642 1988 879 2052 elapsum„

716 2111 829 2176 Pag.
855 2119 923 2162 50.
961 2130 1004 2160 v.
1030 2121 1072 2164 2.

313 2199 377 2261 ΙΙ,
412 2201 484 2246 28.
521 2215 562 2245 2.
615 2197 1132 2260 εροῖἱανηαείεναηΐεο.
1199 2196 1364 2249 Meum
1408 2201 1526 2249 olim
1559 2201 1610 2248 in

185 2298 237 2328 ea
276 2297 417 2344 quam
450 2278 556 2346 cepi
595 2277 866 2325 coniectura
893 2294 1080 2344 semper
1115 2279 1235 2326 olim
1270 2282 1349 2325 usi
1383 2290 1528 2329 erant
1557 2300 1615 2333 eo
1682 2264 1689 2270 .

183 2362 483 2422 inveneram,
531 2372 781 2424 antequam
825 2356 995 2406 Orellii
1036 2358 1162 2407 libro
1201 2373 1253 2406 ut
1287 2360 1466 2409 ruterer
1504 2379 1616 2410 con-

186 2441 305 2507 tigit.
565 2445 573 2451 ‘
766 2434 768 2437 V

731 2532 838 2596 Pag.
859 2540 928 2583 51.
969 2551 1011 2582 v.
1042 2550 1081 2586 1.

322 2618 386 2680 H,
412 2635 484 2682 29.
505 2635 545 2666 2.
591 2619 782 2679 forma
805 2617 1066 2682 excellens]
1099 2617 1225 2666 Fort.
1244 2618 1334 2684 leg.
1382 2620 1621 2680 „Forma

192 2701 432 2752 excellens
442 2733 457 2756 ‚
495 2714 595 2750 non
631 2715 720 2761 ea,
757 2715 860 2761 qua
888 2698 987 2757 flos
1018 2702 1405 2749 commendatur
1435 2692 1623 2760 aqtatis‘

1679 818 1711 970 ’ἓξ
