1715 3117
192 198 222 243 6

189 336 456 388 temporum
487 323 694 372 claustris
729 323 1015 372 circumdata
1043 325 1198 385 fuerit,
1235 326 1436 374 evenisse
1467 345 1622 390 gram-

187 404 367 451 maticis
402 432 489 463 ——‚
540 404 752 470 quisquis
794 434 856 442 -
895 405 1143 466 iusiiterit,
1186 407 1396 470 reperiet.
1474 407 1622 464 Quod

185 484 269 549 qui
310 501 408 531 non
442 498 640 549 negent,
689 484 993 546 concedent‚'
1016 472 1190 552 copula
1230 495 1278 531 et
1315 486 1620 547 intrudenda,

184 576 231 610 et
272 564 417 611 verbo
457 566 823 612 circumdatam
877 566 928 612 in
977 568 1288 612 circumdata
1327 564 1619 614 decurtando

182 638 300 691 nihil
339 661 460 709 opus
499 661 610 692 esse.

309 723 384 770 De
413 724 499 770 illo
534 737 706 785 autem,
738 724 867 791 quod
893 725 1109 789 legimus,
1147 726 1618 791 „scalptoribasque

182 806 438 867 quisquis“
468 802 591 852 infra
623 804 847 854 dicemus.

623 1049 960 1110 CAPUT
1020 1051 1170 1112 111.

765 1159 851 1194 ven.
873 1159 922 1203 Η,
948 1156 979 1192 7.
1005 1157 1042 1192 6.

282 1251 495 1299 „Factum
527 1252 685 1305 Opimi,
710 1251 821 1305 quod
842 1253 1144 1291 inimicitiarum
1168 1244 1357 1305 quaesita
1381 1257 1474 1291 erat
1496 1250 1614 1300 ultio,

171 1321 302 1360 minor
329 1327 502 1375 sequuta
528 1322 766 1361 auctoritas.
826 1320 890 1360 Et
912 1322 1002 1361 visa
1025 1320 1127 1360 ultio
1147 1322 1316 1374 privato
1347 1321 1442 1361 odio
1467 1321 1614 1374 Μαρία,

171 1403 291 1443 quam
310 1388 504 1442 publicae
529 1390 738 1431 vindictae
763 1391 912 1430 data.“
967 1394 1032 1429 Ed.
1058 1406 1111 1439 pr.
1147 1404 1232 1439 pag.
1253 1394 1314 1431 15.

172 1553 539 1643 Saepenumero
571 1577 755 1640 accidit,
797 1592 848 1624 ut
868 1577 1084 1625 libvarius
1107 1576 1446 1637 Muibacensis,
1479 1574 1612 1623 verbi

170 1657 363 1705 alicuius
412 1659 487 1706 vel
528 1659 684 1705 literas
727 1659 812 1716 jvel
851 1655 1189 1723 compendium
1224 1674 1319 1703 non
1361 1656 1467 1703 satis
1501 1672 1609 1721 per-

169 1737 395 1803 spiciens,
465 1738 630 1786 oculos
694 1737 755 1785 ad
802 1752 1048 1803 sequentes
1109 1755 1268 1785 versus
1316 1734 1610 1796 converterit,

166 1817 324 1884 itaque
382 1818 472 1865 sibi
533 1818 723 1865 fortuita
789 1818 1017 1865 hinorum
1082 1819 1341 1865 verborum
1397 1815 1611 1862 similitu-

168 1897 279 1945 dine
327 1899 513 1962 imponi
561 1911 815 1965 pateretur.
928 1897 1039 1953 Quo
1074 1899 1278 1957 factum,
1323 1910 1376 1943 ut
1401 1895 1449 1942 h.
1491 1912 1610 1964 quo-

171 1995 264 2045 que
298 1978 330 2027 l.
364 1978 652 2027 vocabulum
687 1978 912 2040 ‚,actio,“
944 1977 1102 2043 quod,
1144 1977 1193 2023 ni
1226 1976 1385 2024 omnia
1419 1992 1496 2023 me
1523 1975 1611 2021 fal-

169 2058 305 2120 lunt,
355 2060 411 2105 ab
446 2059 547 2124 ipso
584 2058 770 2107 Velleio
803 2059 1075 2123 profectum
1109 2071 1232 2117 erat,
1270 2057 1318 2103 in
1356 2054 1432 2116 id,
1478 2053 1610 2120 quod

170 2137 433 2186 Rhenanus
487 2137 708 2199 tradidit,
767 2138 926 2199 „ultio
947 2141 977 2165 “
1035 2137 1311 2184 immutaret
1370 2135 1606 2182 librarius.

168 2217 451 2284 Legendum
486 2232 552 2266 est
586 2219 744 2266 enim:

360 2312 617 2370 „Factam
644 2313 856 2375 Opimii,
892 2314 1029 2374 qaod
1055 2311 1436 2357 inimicitiarum
1457 2325 1608 2370 quae-

360 2395 462 2439 sita
502 2401 615 2438 erat
644 2394 802 2453 actio,
848 2393 1013 2438 minor
1051 2399 1264 2454 sequuta
1311 2389 1604 2435 auctoritas.

356 2473 427 2518 Et
472 2474 584 2519 visa
637 2474 759 2520 altio
793 2474 1006 2535 privato
1051 2473 1166 2518 odio
1214 2470 1402 2532 magis,
1455 2471 1607 2530 quam

356 2552 567 2614 publica
597 2555 826 2600 vindicta
862 2556 1041 2599 data.“

160 2645 267 2696 Hoc
308 2662 473 2694 sensu:
531 2646 712 2694 factum
748 2645 954 2712 Opimii,
1002 2639 1126 2712 quia⁰
1146 2658 1243 2692 erat
1281 2641 1489 2692 studiose
1511 2652 1513 2655 '
1533 2661 1607 2689 ca-

161 2740 290 2790 ptata
320 2740 365 2773 et
412 2726 748 2793 circumspecta
794 2724 1148 2774 inimicitiarum
1191 2723 1469 2784 satisfactio,
1517 2740 1609 2788 qua
