1715 3117
230 230 297 279 64

231 359 409 406 iectura
445 357 653 424 quamvis
680 375 706 404 a
731 356 1018 405 Ruhnkenio
1051 357 1161 406 inde
1195 358 1410 422 vulgatae
1445 355 1663 405 lectionis

231 440 376 487 instar
400 438 450 485 in
481 455 646 486 omnes
676 438 912 486 transierit
939 437 1184 499 editiones,
1216 454 1320 485 mea
1343 436 1537 503 quidem
1559 453 1663 483 sen-

230 520 374 567 tentia
410 517 663 566 reiicienda
699 533 780 566 est.

372 606 544 673 Neque
584 607 709 653 enim
749 606 827 653 hie
863 624 981 671 opus
1027 622 1096 654 est
1134 609 1281 657 verbo
1326 607 1484 670 aliquo
1529 603 1664 671 quod

230 688 479 735 translatae
545 686 684 733 alicui
751 686 982 733 locutioni
1036 687 1322 748 intercedat,
1389 688 1661 752 optimeque
1704 703 1707 707 ·

230 767 474 816 Ciceronis
518 765 662 814 caede
699 766 887 813 satiatus
919 766 1089 814 dicitur
1124 768 1391 830 Antonius3
1439 769 1514 816 vix
1548 767 1664 814 ferri

226 862 390 914 potest.
411 847 612 912 verbum
662 865 696 894 s.
737 850 884 910 quasi
923 866 957 895 s.
999 847 1162 913 (quod
1193 848 1321 895 idem
1357 853 1453 907 est)
1494 850 1659 895 velati.
1710 878 1715 909 3

226 927 408 977 Eadem
455 926 632 973 ratione
681 955 748 962 -—
801 944 943 991 quem
988 928 1150 975 locum
1191 929 1336 994 ipsius
1383 927 1663 975 Ruhnkenii
1708 913 1715 992 μ,

230 1007 476 1056 doctrinae
515 1004 666 1052 debeo
707 1032 766 1040 ——
813 1006 997 1055 Livius:
1036 1025 1158 1068 „nec
1193 1012 1435 1065 satiatas,
1482 1008 1662 1073 inquit,

226 1091 450 1136 virorum
469 1103 636 1148 poena
660 1087 933 1148 insepultos
953 1091 1219 1150 p7·oiecit.“
1285 1087 1445 1154 Atque
1474 1088 1524 1135 iu
1556 1087 1669 1134 uni-'

204 1174 418 1218 'versum
474 1166 626 1212 multo
678 1166 825 1213 rarius
879 1186 1024 1233 quam
1063 1168 1205 1234 vulgo
1248 1170 1303 1215 ab
1357 1169 1412 1216 iis
1455 1169 1536 1234 qui
1574 1167 1661 1215 ho·
1714 1206 1715 1210 ,

226 1249 304 1297 die
335 1247 473 1294 latine
508 1247 718 1294 scribunt
746 1248 852 1294 fieri
881 1250 1001 1296 solet
1033 1264 1213 1297 veteres
1245 1251 1491 1297 utebantur
1523 1268 1661 1298 voca·
1714 1246 1715 1249 ¹

230 1327 355 1375 bulis
395 1327 567 1389 quasi,
613 1328 792 1386 velati,
839 1328 966 1390 aliis,
1004 1330 1182 1395 quippe
1220 1348 1340 1395 quae
1383 1329 1544 1395 frigidi
1581 1330 1660 1376 ali-

227 1410 345 1475 quid
381 1406 635 1478 ignavique
672 1408 918 1456 affundant
949 1411 1148 1458 orationi
1174 1413 1266 1472 25).
1310 1415 1312 1422 '

356 1510 682 1568 Quamobrem
750 1504 987 1554 vocabulo
1058 1508 1194 1551 velut
1262 1506 1474 1570 ablegato
1541 1503 1660 1551 haec

209 1591 406 1639 suadeo
433 1595 673 1658 legantur:

369 1709 403 1731 ,,
421 1677 629 1738 Utrique
693 1674 918 1720 vindicta
967 1670 1215 1716 libertatis
1278 1674 1438 1712 morte
1495 1666 1659 1710 stetit:

370 1758 461 1802 sed
488 1756 674 1801 tribuni
711 1753 955 1815 sanguine
986 1746 1508 1810 commissa'(incepta)
1533 1761 1659 1807 pro·

370 1836 573 1898 scriptio
617 1834 869 1880 Ciceronis
910 1836 1175 1878 interitu
1215 1828 1402 1873 satiato
1436 1824 1658 1872 Antonio
1711 1813 1714 1893 J

360 1931 529 1976 paene
543 1915 760 1973 finita.“

202 1994 467 2061 *Voculam
506 2003 561 2039 ut
593 1992 724 2056 (vel)
760 1991 798 2037 si
838 2007 935 2037 non
971 1990 1204 2047 interitu,
1261 1985 1345 2033 sed
1380 1987 1533 2032 caede
1563 2000 1660 2030 esse

229 2073 515 2134 contendas,
553 2073 675 2120 nihil
708 2089 894 2132 mor0r3
924 2068 1070 2116 modo
1104 2068 1383 2114 alterutrum
1415 2065 1603 2111 scribas.

333 2168 515 2215 Gratias
545 2185 739 2232 agamus
762 2165 947 2213 Orellio
976 2164 1056 2229 qui
1086 2161 1249 2230 codice
1275 2157 1658 2207 Amerbachiano
1706 2154 1707 2158 ¹

227 2248 408 2312 publici
449 2248 564 2295 iuris
610 2248 760 2306 facto,
824 2264 846 2292 a
893 2245 1096 2292 molesto
1133 2243 1219 2290 illo
1260 2260 1301 2288 v.
1336 2257 1510 2303 poena
1570 2254 1658 2285 nos
1704 2283 1706 2299 ζ

228 2328 449 2376 liberarit.

359 2407 517 2455 Restat
549 2420 600 2454 ut
636 2405 807 2454 addam
838 2405 1038 2471 septimo
1067 2401 1261 2468 quidem
1292 2413 1338 2447 et
1369 2397 1656 2463 sexagesimo

231 2488 377 2551 capite
415 2487 671 2534 rectissime
707 2487 801 2551 legi
845 2487 1019 2546 „velut
1070 2486 1124 2529 in
1159 2485 1328 2529 dotem
1360 2481 1658 2526 invitamen-
1700 2466 1702 2514 1

230 2576 432 2630 tumque
466 2569 664 2614 sceleris
679 2574 714 2596 “
756 2566 932 2631 quippe
972 2562 1240 2611 inusitatior
1286 2574 1352 2609 est
1390 2544 1660 2618 translati03
1698 2589 1707 2686 J

287 2703 353 2753 2⁶)
396 2707 616 2741 Conferatur
649 2701 887 2748 Ηαηιῖἱαε,
890 2704 1106 2748 ,Lehrbuch
1149 2703 1211 2736 des
1255 2700 1496 2736 lateinischen
1537 2697 1662 2732 Stils“
1698 2673 1703 2744 1

395 2778 427 2818 ἓ.
452 2777 515 2813 56.
551 2789 584 2821 p.
602 2776 693 2814 286.

1699 2758 1702 2810 1

1698 2844 1700 2881 1

1695 2909 1700 2958 1

1694 2969 1699 3030 1

1692 3059 1699 3117 1
