1715 3117
187 204 216 246 2

196 322 444 371 Velleiano
479 324 635 372 solum
667 322 893 388 quodque
934 323 1004 369 illi
1038 325 1280 372 antecessit
1308 324 1495 382 seculo,
1538 323 1620 373 sed

128 422 129 425 ¹
197 403 354 451 multis
393 402 533 450 etiam
567 403 736 451 seculis
775 416 880 450 ante
911 398 1194 451 flOruerunt.
1256 403 1461 452 =Laudat
1496 404 1622 450 enim

195 482 517 549 Aeschylum,
564 481 880 548 Sophoclem,
924 481 1228 546 Euripidem,
1268 494 1624 531 'commemorat

199 563 472 623 Caecilium,
503 562 798 624 Terentium,
829 561 1097 623 Afranium,
1124 562 1311 610 duobus
1338 563 1436 610 fere
1457 562 1623 611 seculis

193 644 446 710 semetipso
489 641 704 690 maioreS.

300 722 575 770 Rectissime
618 721 761 786 igitur
810 739 835 768 a
879 720 1166 769 Ruhukeuio
1216 720 1424 769 discessit
1467 720 1624 768 Krau-

197 803 290 851 sius
312 804 374 851 V.
390 803 479 862 D.,
516 803 565 850 in
606 819 661 850 eo
692 788 848 848 tamen
884 800 1253 865 vituperandus,
1289 789 1420 866 quod
1451 813 1496 847 et
1525 800 1625 864 ipse

200 901 317 949 quae
350 883 609 943 invenerit,
656 882 866 947 quamvis
901 880 1257 928 Ruhnkenianis
1297 881 1374 928 vix
1412 880 1626 942 meliora,

197 964 246 1010 in
281 976 459 1010 textum
494 962 702 1026 recipere
736 979 833 1008 non
870 960 1110 1008 dubitarit.
1184 960 1309 1008 Mihi
1331 961 1477 1018 euim,
1508 977 1627 1026 quae

199 1042 398 1107 profert:
435 1040 737 1103 „recedentis
773 1041 823 1088 iu
863 1039 1104 1106 quoddam
1149 1041 1401 1107 seculum“
1438 1040 1628 1087 nullum

200 1120 380 1168 nedum
413 1121 592 1168 iustum
629 1137 820 1167 sensum
848 1121 1075 1184 praebere
1110 1118 1358 1181 videntur,¹
1429 1118 1526 1166 Sed
1559 1119 1630 1166 sui

202 1201 371 1267 cuique
407 1200 542 1248 liberi
579 1201 677 1247 cari
713 1213 759 1246 et
793 1200 987 1246 fortasse
1018 1198 1143 1246 idem
1173 1199 1222 1246 in
1256 1216 1331 1246 me
1367 1198 1562 1248 dicetur.

294 1282 403 1329 Alia
441 1281 570 1328 enim
605 1281 725 1342 mihi.
757 1281 807 1328 in
853 1294 1057 1328 mentem
1096 1293 1335 1329 venerunt.
1418 1280 1628 1327 Primum

202 1362 415 1410 omnium
443 1379 499 1409 ex
553 1363 694 1410 altera
743 1361 1069 1426 praecedentis
1125 1361 1286 1426 capitis
1335 1361 1629 1426 paragrapho

203 1456 408 1504 constat,
453 1443 696 1490 Velleium
730 1442 915 1501 mirari,
967 1441 1099 1508 quod
1141 1440 1507 1488 eminentissima
1549 1453 1631 1489 cu·

202 1523 370 1589 iusque
407 1522 708 1589 professionis
737 1522 926 1587 ingenia
956 1522 1019 1569 ita
1052 1539 1239 1587 semper
1272 1520 1503 1568 similibus
1533 1537 1630 1570 sese

204 1602 527 1662 adiunxerint,
574 1617 628 1650 ut
668 1601 838 1650 eodem
874 1602 1013 1665 plane
1057 1601 1204 1649 modo
1253 1617 1419 1648 omnes
1464 1599 1633 1648 iisdem

204 1681 370 1731 studiis
416 1699 611 1747 operam
658 1681 888 1730 dederint.
975 1680 1133 1746 Atque
1183 1698 1292 1728 sane
1338 1681 1634 1746 praestantis-

205 1762 312 1810 simi
347 1763 570 1827 cuiusque
608 1762 787 1827 ingenii
821 1779 916 1809 esse
951 1762 1159 1822 videtur,
1217 1780 1400 1810 summa
1435 1781 1545 1810 cum
1578 1763 1634 1809 li-

205 1845 382 1892 bertate
422 1861 554 1890 suam
601 1843 688 1891 sibi
723 1843 846 1891 viam
879 1843 1086 1908 aperire,
1154 1857 1197 1889 et
1243 1836 1389 1902 subit,
1433 1842 1632 1906 opinor,

210 1923 435 1989 cuiusque
507 1922 722 1970 animum
788 1922 972 1982 mirari,
1042 1921 1175 1987 quod
1241 1949 1304 1958 —-
1374 1934 1426 1967 ut
1479 1936 1633 1967 exem-

209 2004 292 2068 plo
334 2017 436 2050 utar
478 2031 534 2040 —-
578 2001 864 2068 Aeschylus,
908 1994 1171 2066 Sophocles
1215 2014 1260 2047 et
1296 2000 1543 2066 Euripides
1577 1998 1636 2046 ad

208 2082 494 2147 tragoediam
543 2083 741 2148 quisque
788 2082 998 2129 animum
1044 2081 1345 2147 appulerint,
1394 2097 1543 2145 quum
1585 2079 1634 2126 in

211 2163 418 2229 quolibet
459 2164 612 2230 poesis
665 2179 834 2228 genere
881 2176 926 2208 et
966 2161 1227 2227 Sophocles
1290 2175 1335 2208 et
1385 2157 1636 2225 Euripides

211 2244 483 2290 excelsurus
522 2241 652 2290 haud
692 2242 834 2290 dubie
876 2241 1166 2308 insignisque
1221 2240 1373 2287 fuerit.
1453 2237 1636 2285 Deinde

213 2340 349 2388 saepe
386 2341 441 2369 ex
480 2324 730 2388 semetipso
775 2339 823 2369 se
869 2321 1147 2387 quaesivisse
1182 2328 1377 2367 testatur
1407 2318 1638 2377 Velleius,

215 2402 459 2469 quomodo
490 2405 646 2463 fieret,
690 2417 741 2449 ut
781 2402 987 2467 singulae
1026 2400 1247 2447 similium
1283 2398 1486 2464 ideoque
1523 2415 1636 2444 con-

211 2482 488 2530 iunctorum
533 2483 831 2548 ingeniorum
879 2483 1117 2530 societates
1162 2481 1492 2529 brevissimum
1536 2471 1636 2526 tan-

215 2577 319 2610 tum
361 2565 583 2628 temporis
628 2563 827 2629 spatium
865 2560 1199 2627 perdurarint?
1269 2561 1455 2609 Putarat
1496 2561 1638 2617 euim,

218 2641 349 2709 quod
385 2642 529 2689 semel
563 2641 806 2709 inceptum
843 2657 960 2690 esset
983 2643 1319 2707 inventumque
1348 2641 1454 2688 artis
1486 2639 1637 2687 cuius-

217 2739 309 2789 que
356 2720 656 2770 doctrinaeve
699 2740 876 2786 genus,
916 2721 1031 2769 illud
1075 2739 1159 2786 per
1203 2722 1364 2769 onmia
1414 2719 1637 2784 deinceps

1709 1546 1715 1726 ε
