1715 3117
201 203 267 252 28

202 353 345 400 quam
384 349 431 383 et
475 336 626 402 ipsam
670 337 915 386 distortam
963 335 1200 402 quandam
1248 337 1497 402 formaque
1544 335 1632 383 du-

200 415 337 482 plicis
367 416 530 465 literae
566 437 620 465 cc
667 438 762 468 non
806 419 1007 467 absimili
1048 419 1191 466 fuisse
1239 431 1448 478 constat,
1507 417 1633 464 facili

201 514 359 545 errore
402 499 654 546 confusum
707 515 797 563 est3
862 500 1146 548 succedente
1199 501 1395 565 insuper
1439 500 1571 547 litera
1616 502 1636 546 i

199 577 326 625 vocis
364 579 494 640 iam,
531 596 734 642 quacum
768 581 959 645 signum
992 579 1114 627 illud
1151 579 1389 627 coaluerit.

329 707 517 754 Puncto
565 707 736 754 deinde
778 709 951 774 prioris
994 709 1158 756 literae
1204 711 1223 754 i
1275 708 1323 754 in
1366 725 1471 756 voc,
1516 708 1635 753 alii-s

201 807 311 835 cum
346 806 425 849 ea,
471 787 547 833 cui
584 787 888 853 impendebat
926 790 1051 837 linea
1100 803 1226 837 recta
1273 787 1513 853 scriptoris
1562 787 1634 834 in-

198 869 328 916 curia
381 868 665 927 coniuncto,
717 888 943 933 parumve
987 872 1044 917 ab
1081 871 1162 916 illa
1203 869 1408 917 distento
1455 869 1635 915 factum

1703 585 1715 911 ffl—-J-nss*··*7—r-„

196 962 290 1010 est,
327 962 378 995 ut
411 947 536 995 illud
570 951 589 994 i
615 967 703 1014 pro
729 959 750 995 t
783 965 1030 1015 acceptum
1062 952 1298 998 vocabulo
1333 952 1505 997 maltis
1539 948 1632 995 ori·
1702 1003 1703 1017 χ

195 1029 356 1094 ginem
403 1028 555 1089 daret3
609 1029 740 1095 quod
791 1049 877 1096 pro
927 1034 1097 1079 multis
1147 1031 1325 1077 lectum
1380 1047 1477 1077 esse
1525 1029 1634 1076 satis

196 1110 336 1157 facile
369 1109 665 1174 intelligitur.

327 1245 408 1293 Ad
441 1247 718 1293 sententiam
747 1247 843 1294 loci
872 1246 1000 1312 quod
1040 1247 1227 1308 attinet,
1270 1261 1452 1313 praesto
1490 1260 1556 1294 est
1583 1247 1632 1294 in

196 1338 310 1375 orat.
332 1344 450 1392 qnae
473 1346 602 1374 nunc
616 1326 888 1374 inscribitur
920 1328 1026 1388 „De
1051 1328 1250 1393 imperio
1268 1327 1353 1374 Cn,
1371 1327 1630 1393 Pompeiif‘

194 1407 389 1456 Cicero:
426 1435 486 1443 —
512 1436 572 1443 —-
605 1425 783 1467 omnes,
826 1407 908 1472 qui
936 1406 1113 1472 ubique
1139 1406 1399 1472 praedones
1421 1408 1628 1463 fuerunt,

196 1488 367 1553 partim
405 1488 529 1553 eapti
568 1487 895 1552 interfectique
933 1502 1067 1549 sunt,
1107 1489 1278 1553 partim
1314 1488 1454 1534 unius
1488 1486 1630 1533 huius

194 1568 395 1634 imperio
442 1582 487 1615 et
542 1568 758 1633 potestati
809 1584 856 1614 se
902 1566 1231 1614 dediderunt.“
1330 1567 1630 1624 Quibuscum

196 1647 486 1696 conferenda
524 1662 630 1695 sunt
668 1647 1010 1713 praecedentia.
1097 1647 1268 1713 Neque
1315 1666 1429 1696 vero
1477 1648 1629 1712 negli-

195 1728 351 1795 genda
401 1742 467 1775 est
523 1727 732 1794 Appiani
774 1728 1006 1788 narratio,
1077 1742 1240 1793 utpote
1293 1742 1337 1774 et
1385 1729 1630 1776 accuratis-

196 1811 311 1858 sima
336 1822 379 1856 et
400 1810 455 1855 ab
479 1808 532 1856 iis
556 1827 676 1875 qnae
702 1807 999 1855 tradiderunt
1022 1808 1205 1866 Florus,
1233 1807 1466 1870 Velleius,
1501 1809 1631 1875 Plut-

195 1889 362 1937 archus
397 1890 601 1936 multum
634 1888 869 1936 differens.

360 2073 490 2120 quibus
535 2073 694 2106 fortasse
738 2084 810 2106 non
856 2076 1051 2119 suppetant
1094 2072 1236 2107 maiora
1288 2071 1464 2106 eiusmodi
1506 2083 1618 2117 opera

359 2145 523 2188 Quorum
543 2153 675 2176 caussa
700 2143 881 2176 ascribere
906 2142 1007 2177 iuvat
1035 2143 1131 2176 hunc
1158 2141 1244 2176 libri
1269 2140 1438 2176 titulum:
1483 2141 1629 2177 Miscel-

359 2213 488 2246 laneen
507 2211 616 2246 meist
637 2212 942 2256 diplomatischen
963 2213 1118 2247 Inhalts.
1164 2211 1376 2246 Bearbeitet
1395 2222 1464 2246 von
1482 2212 1630 2247 Konrad

358 2282 539 2316 Mannert.
595 2283 801 2329 Nt'irnberg.
836 2283 951 2321 1795.
