<?xml version="1.0" encoding="UTF-8"?>
<!DOCTYPE html PUBLIC "-//W3C//DTD XHTML 1.0 Transitional//EN"
    "http://www.w3.org/TR/xhtml1/DTD/xhtml1-transitional.dtd">
<html xmlns="http://www.w3.org/1999/xhtml" xml:lang="en" lang="en">
 <head>
  <title>
</title>
<meta http-equiv="Content-Type" content="text/html;charset=utf-8" />
  <meta name='ocr-system' content='tesseract 3.04.00' />
  <meta name='ocr-capabilities' content='ocr_page ocr_carea ocr_par ocr_line ocrx_word'/>
</head>
<body>
  <div class='ocr_page' id='page_1' title='image "./locivelleianiine00lauruoft_0162.png"; bbox 0 0 1715 3117; ppageno 0'>
   <div class='ocr_carea' id='block_1_1' title="bbox 186 196 283 252">
    <p class='ocr_par' dir='ltr' id='par_1_1' title="bbox 186 196 283 252">
     <span class='ocr_line' id='line_1_1' title="bbox 186 196 283 252; baseline 0.031 -4"><span class='ocrx_word' id='word_1_1' title='bbox 186 196 283 252; x_wconf 73' lang='lat'><strong>134</strong></span> 
     </span>
    </p>
   </div>
   <div class='ocr_carea' id='block_1_2' title="bbox 187 321 1626 469">
    <p class='ocr_par' dir='ltr' id='par_1_2' title="bbox 187 321 1626 469">
     <span class='ocr_line' id='line_1_2' title="bbox 187 321 1626 388; baseline -0.001 -18"><span class='ocrx_word' id='word_1_2' title='bbox 187 321 331 371; x_wconf 88' lang='lat' dir='ltr'>modo</span> <span class='ocrx_word' id='word_1_3' title='bbox 366 321 507 370; x_wconf 83' lang='lat' dir='ltr'><strong>fuisse</strong></span> <span class='ocrx_word' id='word_1_4' title='bbox 555 323 684 386; x_wconf 87' lang='lat' dir='ltr'>quod</span> <span class='ocrx_word' id='word_1_5' title='bbox 730 337 777 376; x_wconf 65' lang='lat' dir='ltr'><strong>et,</strong></span> <span class='ocrx_word' id='word_1_6' title='bbox 827 322 1037 388; x_wconf 63' lang='lat' dir='ltr'><strong>equites,</strong></span> <span class='ocrx_word' id='word_1_7' title='bbox 1077 335 1209 368; x_wconf 84' lang='lat' dir='ltr'><strong>tanto</strong></span> <span class='ocrx_word' id='word_1_8' title='bbox 1245 340 1269 368; x_wconf 83' lang='lat' dir='ltr'>a</span> <span class='ocrx_word' id='word_1_9' title='bbox 1308 321 1527 369; x_wconf 80' lang='lat' dir='ltr'>Graccho</span> <span class='ocrx_word' id='word_1_10' title='bbox 1561 323 1626 369; x_wconf 84' lang='lat' dir='ltr'><strong>fa-</strong></span> 
     </span>
     <span class='ocr_line' id='line_1_3' title="bbox 187 398 1192 469; baseline -0.006 -17"><span class='ocrx_word' id='word_1_11' title='bbox 187 421 299 457; x_wconf 75' lang='lat' dir='ltr'><strong>vore</strong></span> <span class='ocrx_word' id='word_1_12' title='bbox 334 402 594 469; x_wconf 68' lang='lat' dir='ltr'><strong>complexi,</strong></span> <span class='ocrx_word' id='word_1_13' title='bbox 625 404 674 457; x_wconf 80' lang='lat' dir='ltr'><strong>iu</strong></span> <span class='ocrx_word' id='word_1_14' title='bbox 709 404 847 450; x_wconf 86' lang='lat' dir='ltr'><strong>illum</strong></span> <span class='ocrx_word' id='word_1_15' title='bbox 883 401 1116 453; x_wconf 78' lang='lat' dir='ltr'>irruerint.</span> <span class='ocrx_word' id='word_1_16' title='bbox 1189 398 1192 400; x_wconf 64' lang='grc'><strong>’</strong></span> 
     </span>
    </p>
   </div>
   <div class='ocr_carea' id='block_1_3' title="bbox 717 432 1705 687">
    <p class='ocr_par' dir='ltr' id='par_1_3' title="bbox 717 432 1715 687">
     <span class='ocr_line' id='line_1_4' title="bbox 717 432 1705 687; baseline -0.002 -129"><span class='ocrx_word' id='word_1_17' title='bbox 717 511 825 575; x_wconf 86' lang='lat' dir='ltr'><strong>Pag.</strong></span> <span class='ocrx_word' id='word_1_18' title='bbox 848 518 917 563; x_wconf 73' lang='lat'><strong>262</strong></span> <span class='ocrx_word' id='word_1_19' title='bbox 957 527 999 558; x_wconf 84' lang='lat' dir='ltr'><strong>v.</strong></span> <span class='ocrx_word' id='word_1_20' title='bbox 1025 517 1093 560; x_wconf 62' lang='lat'><strong>162</strong></span> <span class='ocrx_word' id='word_1_21' title='bbox 1693 432 1705 687; x_wconf 61' lang='grc' dir='ltr'>ἰ</span> 
     </span>
    </p>
   </div>
   <div class='ocr_carea' id='block_1_4' title="bbox 317 592 1626 666">
    <p class='ocr_par' dir='ltr' id='par_1_4' title="bbox 317 592 1626 666">
     <span class='ocr_line' id='line_1_5' title="bbox 317 592 1626 666; baseline -0.002 -14"><span class='ocrx_word' id='word_1_22' title='bbox 317 592 380 666; x_wconf 74' lang='lat' dir='ltr'><strong>II,</strong></span> <span class='ocrx_word' id='word_1_23' title='bbox 413 607 455 652; x_wconf 83' lang='lat'><strong>4.</strong></span> <span class='ocrx_word' id='word_1_24' title='bbox 492 623 535 666; x_wconf 83' lang='lat'><strong>7.</strong></span> <span class='ocrx_word' id='word_1_25' title='bbox 604 605 780 664; x_wconf 85' lang='lat' dir='ltr'><em>Anno,</em></span> <span class='ocrx_word' id='word_1_26' title='bbox 821 621 917 650; x_wconf 84' lang='lat' dir='ltr'><strong>non</strong></span> <span class='ocrx_word' id='word_1_27' title='bbox 955 601 1287 650; x_wconf 80' lang='lat' dir='ltr'><strong>Amerbacchii</strong></span> <span class='ocrx_word' id='word_1_28' title='bbox 1318 619 1478 648; x_wconf 65' lang='lat' dir='ltr'><em>cennos</em></span> <span class='ocrx_word' id='word_1_29' title='bbox 1514 603 1626 649; x_wconf 74' lang='lat' dir='ltr'><em>scri—</em></span> 
     </span>
    </p>
   </div>
   <div class='ocr_carea' id='block_1_5' title="bbox 1669 0 1715 458">
    <p class='ocr_par' dir='ltr' id='par_1_5' title="bbox 1669 0 1715 458">
     <span class='ocr_line' id='line_1_6' title="bbox 1669 0 1715 458; baseline 0 2659"><span class='ocrx_word' id='word_1_30' title='bbox 1669 0 1715 458; x_wconf 95' lang='lat' dir='ltr'><strong> </strong></span> 
     </span>
    </p>
   </div>
   <div class='ocr_carea' id='block_1_6' title="bbox 187 680 1715 813">
    <p class='ocr_par' dir='ltr' id='par_1_6' title="bbox 187 673 1715 813">
     <span class='ocr_line' id='line_1_7' title="bbox 187 680 1624 745; baseline -0.003 -13"><span class='ocrx_word' id='word_1_31' title='bbox 187 686 300 732; x_wconf 70' lang='lat' dir='ltr'><strong>b‘e‘re</strong></span> <span class='ocrx_word' id='word_1_32' title='bbox 349 685 527 734; x_wconf 81' lang='lat' dir='ltr'><strong>malim.</strong></span> <span class='ocrx_word' id='word_1_33' title='bbox 628 685 851 732; x_wconf 80' lang='lat' dir='ltr'><strong>Ceterum</strong></span> <span class='ocrx_word' id='word_1_34' title='bbox 894 681 954 729; x_wconf 85' lang='lat' dir='ltr'><strong>de</strong></span> <span class='ocrx_word' id='word_1_35' title='bbox 1006 681 1318 745; x_wconf 78' lang='lat' dir='ltr'>chronologia</span> <span class='ocrx_word' id='word_1_36' title='bbox 1360 680 1407 728; x_wconf 90' lang='lat' dir='ltr'><strong>h.</strong></span> <span class='ocrx_word' id='word_1_37' title='bbox 1445 682 1476 728; x_wconf 89' lang='lat' dir='ltr'><strong>l.</strong></span> <span class='ocrx_word' id='word_1_38' title='bbox 1530 699 1624 729; x_wconf 90' lang='lat' dir='ltr'><strong>non</strong></span> 
     </span>
     <span class='ocr_line' id='line_1_8' title="bbox 188 752 1715 813; baseline -0.001 -1"><span class='ocrx_word' id='word_1_39' title='bbox 188 779 370 813; x_wconf 80' lang='lat' dir='ltr'><strong>constat</strong></span> <span class='ocrx_word' id='word_1_40' title='bbox 400 766 532 812; x_wconf 77' lang='lat' dir='ltr'><strong>ratio,</strong></span> <span class='ocrx_word' id='word_1_41' title='bbox 1702 752 1715 811; x_wconf 92' lang='grc' dir='ltr'>Γ</span> 
     </span>
    </p>
   </div>
   <div class='ocr_carea' id='block_1_7' title="bbox 714 813 1715 948">
    <p class='ocr_par' dir='ltr' id='par_1_7' title="bbox 714 813 1715 948">
     <span class='ocr_line' id='line_1_9' title="bbox 714 813 1715 948; baseline -0.001 -46"><span class='ocrx_word' id='word_1_42' title='bbox 714 853 715 856; x_wconf 35' lang='grc'><strong>“</strong></span> <span class='ocrx_word' id='word_1_43' title='bbox 736 856 842 919; x_wconf 80' lang='lat' dir='ltr'>Pag.</span> <span class='ocrx_word' id='word_1_44' title='bbox 869 863 938 906; x_wconf 84' lang='lat'><strong>27.</strong></span> <span class='ocrx_word' id='word_1_45' title='bbox 972 874 1013 902; x_wconf 78' lang='lat' dir='ltr'><strong>v·</strong></span> <span class='ocrx_word' id='word_1_46' title='bbox 1037 865 1078 906; x_wconf 85' lang='lat'><strong>2.</strong></span> <span class='ocrx_word' id='word_1_47' title='bbox 1374 889 1379 895; x_wconf 62' lang='lat'><em>„</em></span> <span class='ocrx_word' id='word_1_48' title='bbox 1710 813 1715 948; x_wconf 56' lang='grc' dir='ltr'>Γ</span> 
     </span>
    </p>
   </div>
   <div class='ocr_carea' id='block_1_8' title="bbox 183 949 1713 1178">
    <p class='ocr_par' dir='ltr' id='par_1_8' title="bbox 183 949 1713 1178">
     <span class='ocr_line' id='line_1_10' title="bbox 324 949 1713 1013; baseline 0.001 -15"><span class='ocrx_word' id='word_1_49' title='bbox 324 951 387 1013; x_wconf 82' lang='grc' dir='ltr'><strong>ΙΙ,</strong></span> <span class='ocrx_word' id='word_1_50' title='bbox 416 952 459 1000; x_wconf 88' lang='lat'><strong>5.</strong></span> <span class='ocrx_word' id='word_1_51' title='bbox 488 954 530 998; x_wconf 77' lang='lat'><strong>5.</strong></span> <span class='ocrx_word' id='word_1_52' title='bbox 604 949 769 1006; x_wconf 84' lang='lat' dir='ltr'><strong>Quum</strong></span> <span class='ocrx_word' id='word_1_53' title='bbox 815 963 1073 1013; x_wconf 82' lang='lat' dir='ltr'>appareat,</span> <span class='ocrx_word' id='word_1_54' title='bbox 1114 967 1211 996; x_wconf 87' lang='lat' dir='ltr'><strong>non</strong></span> <span class='ocrx_word' id='word_1_55' title='bbox 1263 952 1493 998; x_wconf 80' lang='lat' dir='ltr'><strong>timorem</strong></span> <span class='ocrx_word' id='word_1_56' title='bbox 1541 952 1624 999; x_wconf 90' lang='lat' dir='ltr'><strong>sed</strong></span> <span class='ocrx_word' id='word_1_57' title='bbox 1697 949 1713 1004; x_wconf 67' lang='grc' dir='ltr'><strong>,Γ</strong></span> 
     </span>
     <span class='ocr_line' id='line_1_11' title="bbox 183 1030 1629 1096; baseline 0 -17"><span class='ocrx_word' id='word_1_58' title='bbox 183 1036 431 1096; x_wconf 77' lang='lat' dir='ltr'><strong>pudorem</strong></span> <span class='ocrx_word' id='word_1_59' title='bbox 473 1031 680 1079; x_wconf 87' lang='lat' dir='ltr'><strong>militum</strong></span> <span class='ocrx_word' id='word_1_60' title='bbox 715 1030 949 1092; x_wconf 84' lang='lat' dir='ltr'><strong>effecisse,</strong></span> <span class='ocrx_word' id='word_1_61' title='bbox 994 1044 1046 1077; x_wconf 90' lang='lat' dir='ltr'><strong>ut</strong></span> <span class='ocrx_word' id='word_1_62' title='bbox 1082 1031 1348 1079; x_wconf 84' lang='lat' dir='ltr'><strong>vincerent:</strong></span> <span class='ocrx_word' id='word_1_63' title='bbox 1389 1032 1528 1079; x_wconf 83' lang='lat' dir='ltr'><strong>nihili</strong></span> <span class='ocrx_word' id='word_1_64' title='bbox 1563 1046 1629 1080; x_wconf 84' lang='lat' dir='ltr'><strong>est</strong></span> 
     </span>
     <span class='ocr_line' id='line_1_12' title="bbox 189 1111 1319 1178; baseline 0 -19"><span class='ocrx_word' id='word_1_65' title='bbox 189 1111 320 1178; x_wconf 88' lang='lat' dir='ltr'>quod</span> <span class='ocrx_word' id='word_1_66' title='bbox 349 1112 463 1177; x_wconf 80' lang='lat' dir='ltr'><strong>legit</strong></span> <span class='ocrx_word' id='word_1_67' title='bbox 491 1111 683 1159; x_wconf 82' lang='lat' dir='ltr'><strong>Amerh.</strong></span> <span class='ocrx_word' id='word_1_68' title='bbox 717 1112 903 1158; x_wconf 78' lang='lat' dir='ltr'><em>mixtus</em></span> <span class='ocrx_word' id='word_1_69' title='bbox 930 1114 1121 1173; x_wconf 80' lang='lat' dir='ltr'><em>pudori</em></span> <span class='ocrx_word' id='word_1_70' title='bbox 1155 1115 1319 1159; x_wconf 76' lang='lat' dir='ltr'><em>timor.</em></span> 
     </span>
    </p>
   </div>
   <div class='ocr_carea' id='block_1_9' title="bbox 320 1220 1603 1375">
    <p class='ocr_par' dir='ltr' id='par_1_9' title="bbox 320 1220 1603 1375">
     <span class='ocr_line' id='line_1_13' title="bbox 734 1220 1072 1284; baseline -0.003 -18"><span class='ocrx_word' id='word_1_71' title='bbox 734 1220 842 1284; x_wconf 84' lang='lat' dir='ltr'>Pag.</span> <span class='ocrx_word' id='word_1_72' title='bbox 862 1228 933 1271; x_wconf 85' lang='lat'><strong>29.</strong></span> <span class='ocrx_word' id='word_1_73' title='bbox 969 1237 1010 1268; x_wconf 84' lang='lat' dir='ltr'><strong>v.</strong></span> <span class='ocrx_word' id='word_1_74' title='bbox 1032 1227 1072 1270; x_wconf 86' lang='lat'><strong>6.</strong></span> 
     </span>
     <span class='ocr_line' id='line_1_14' title="bbox 320 1313 1603 1375; baseline 0 -14"><span class='ocrx_word' id='word_1_75' title='bbox 320 1315 384 1375; x_wconf 91' lang='lat' dir='ltr'><strong>II,</strong></span> <span class='ocrx_word' id='word_1_76' title='bbox 418 1333 457 1375; x_wconf 86' lang='lat'><strong>7.</strong></span> <span class='ocrx_word' id='word_1_77' title='bbox 481 1317 522 1361; x_wconf 82' lang='lat'><strong>6.</strong></span> <span class='ocrx_word' id='word_1_78' title='bbox 595 1313 726 1369; x_wconf 80' lang='lat' dir='ltr'><strong>Quid</strong></span> <span class='ocrx_word' id='word_1_79' title='bbox 761 1314 859 1361; x_wconf 55' lang='lat' dir='ltr'><strong>sibi&lt;</strong></span> <span class='ocrx_word' id='word_1_80' title='bbox 881 1314 985 1363; x_wconf 82' lang='lat' dir='ltr'><strong>vult</strong></span> <span class='ocrx_word' id='word_1_81' title='bbox 1026 1316 1148 1360; x_wconf 74' lang='lat' dir='ltr'><em>ultio</em></span> <span class='ocrx_word' id='word_1_82' title='bbox 1186 1315 1603 1370; x_wconf 67' lang='lat' dir='ltr'><em>inimicitiarum?</em></span> 
     </span>
    </p>
   </div>
   <div class='ocr_carea' id='block_1_10' title="bbox 722 1421 1086 1485">
    <p class='ocr_par' dir='ltr' id='par_1_10' title="bbox 722 1421 1086 1485">
     <span class='ocr_line' id='line_1_15' title="bbox 722 1421 1086 1485; baseline 0.003 -19"><span class='ocrx_word' id='word_1_83' title='bbox 722 1421 837 1485; x_wconf 72' lang='lat' dir='ltr'>{Pag-</span> <span class='ocrx_word' id='word_1_84' title='bbox 855 1429 925 1473; x_wconf 83' lang='lat'><strong>29.</strong></span> <span class='ocrx_word' id='word_1_85' title='bbox 958 1440 999 1469; x_wconf 90' lang='lat' dir='ltr'><strong>v.</strong></span> <span class='ocrx_word' id='word_1_86' title='bbox 1019 1428 1086 1472; x_wconf 87' lang='lat'><strong>16.</strong></span> 
     </span>
    </p>
   </div>
   <div class='ocr_carea' id='block_1_11' title="bbox 185 1515 1634 2779">
    <p class='ocr_par' dir='ltr' id='par_1_11' title="bbox 185 1515 1634 2772">
     <span class='ocr_line' id='line_1_16' title="bbox 319 1515 1632 1580; baseline -0.002 -16"><span class='ocrx_word' id='word_1_87' title='bbox 319 1516 381 1577; x_wconf 90' lang='lat' dir='ltr'><strong>II,</strong></span> <span class='ocrx_word' id='word_1_88' title='bbox 404 1535 446 1578; x_wconf 82' lang='lat'><strong>9.</strong></span> <span class='ocrx_word' id='word_1_89' title='bbox 472 1517 515 1564; x_wconf 83' lang='lat'><strong>6.</strong></span> <span class='ocrx_word' id='word_1_90' title='bbox 561 1515 735 1563; x_wconf 79' lang='lat' dir='ltr'><strong>Orellii</strong></span> <span class='ocrx_word' id='word_1_91' title='bbox 759 1515 900 1562; x_wconf 76' lang='lat' dir='ltr'><strong>lectio</strong></span> <span class='ocrx_word' id='word_1_92' title='bbox 934 1533 1273 1578; x_wconf 77' lang='lat' dir='ltr'><em>magnamque</em></span> <span class='ocrx_word' id='word_1_93' title='bbox 1302 1518 1440 1563; x_wconf 85' lang='lat' dir='ltr'><em>Enni</em></span> <span class='ocrx_word' id='word_1_94' title='bbox 1467 1534 1632 1580; x_wconf 80' lang='lat' dir='ltr'><strong>qnam·</strong></span> 
     </span>
     <span class='ocr_line' id='line_1_17' title="bbox 187 1589 1627 1661; baseline -0.002 -15"><span class='ocrx_word' id='word_1_95' title='bbox 187 1599 254 1647; x_wconf 87' lang='lat' dir='ltr'><strong>vis</strong></span> <span class='ocrx_word' id='word_1_96' title='bbox 291 1615 389 1644; x_wconf 89' lang='lat' dir='ltr'><strong>non</strong></span> <span class='ocrx_word' id='word_1_97' title='bbox 438 1597 581 1661; x_wconf 87' lang='lat' dir='ltr'><strong>plane</strong></span> <span class='ocrx_word' id='word_1_98' title='bbox 633 1595 904 1660; x_wconf 86' lang='lat' dir='ltr'><strong>displiceat,</strong></span> <span class='ocrx_word' id='word_1_99' title='bbox 961 1589 1139 1654; x_wconf 36' lang='lat' dir='ltr'><strong>tamen*</strong></span> <span class='ocrx_word' id='word_1_100' title='bbox 1170 1593 1276 1643; x_wconf 85' lang='lat' dir='ltr'><strong>vide</strong></span> <span class='ocrx_word' id='word_1_101' title='bbox 1322 1614 1383 1643; x_wconf 87' lang='lat' dir='ltr'><strong>ne</strong></span> <span class='ocrx_word' id='word_1_102' title='bbox 1432 1597 1479 1643; x_wconf 88' lang='lat' dir='ltr'><strong>in</strong></span> <span class='ocrx_word' id='word_1_103' title='bbox 1521 1596 1627 1660; x_wconf 88' lang='lat' dir='ltr'><strong>ipso</strong></span> 
     </span>
     <span class='ocr_line' id='line_1_18' title="bbox 188 1674 1629 1740; baseline -0.003 -14"><span class='ocrx_word' id='word_1_104' title='bbox 188 1679 352 1727; x_wconf 84' lang='lat' dir='ltr'>vocab.</span> <span class='ocrx_word' id='word_1_105' title='bbox 386 1694 626 1736; x_wconf 83' lang='lat' dir='ltr'><em>magnum</em></span> <span class='ocrx_word' id='word_1_106' title='bbox 660 1693 837 1722; x_wconf 87' lang='lat' dir='ltr'><strong>nomen</strong></span> <span class='ocrx_word' id='word_1_107' title='bbox 869 1674 1062 1740; x_wconf 88' lang='lat' dir='ltr'>aliquod</span> <span class='ocrx_word' id='word_1_108' title='bbox 1093 1675 1256 1735; x_wconf 82' lang='lat' dir='ltr'><strong>lateat,</strong></span> <span class='ocrx_word' id='word_1_109' title='bbox 1296 1694 1341 1723; x_wconf 83' lang='lat' dir='ltr'><strong>v.</strong></span> <span class='ocrx_word' id='word_1_110' title='bbox 1364 1695 1404 1723; x_wconf 87' lang='lat' dir='ltr'><strong>c.</strong></span> <span class='ocrx_word' id='word_1_111' title='bbox 1438 1677 1629 1724; x_wconf 76' lang='lat' dir='ltr'><strong>Asinii-</strong></span> 
     </span>
     <span class='ocr_line' id='line_1_19' title="bbox 192 1755 1626 1821; baseline 0 -17"><span class='ocrx_word' id='word_1_112' title='bbox 192 1776 298 1821; x_wconf 82' lang='lat' dir='ltr'><strong>que.</strong></span> <span class='ocrx_word' id='word_1_113' title='bbox 374 1756 521 1803; x_wconf 88' lang='lat' dir='ltr'>Cuius</span> <span class='ocrx_word' id='word_1_114' title='bbox 560 1756 607 1802; x_wconf 87' lang='lat' dir='ltr'><strong>in</strong></span> <span class='ocrx_word' id='word_1_115' title='bbox 655 1755 848 1803; x_wconf 87' lang='lat' dir='ltr'><strong>laudem</strong></span> <span class='ocrx_word' id='word_1_116' title='bbox 884 1758 1033 1802; x_wconf 82' lang='lat' dir='ltr'><strong>affero</strong></span> <span class='ocrx_word' id='word_1_117' title='bbox 1079 1755 1204 1820; x_wconf 76' lang='lat' dir='ltr'><em>Virg.</em></span> <span class='ocrx_word' id='word_1_118' title='bbox 1242 1755 1343 1804; x_wconf 79' lang='lat' dir='ltr'>Ecl.</span> <span class='ocrx_word' id='word_1_119' title='bbox 1367 1755 1510 1817; x_wconf 80' lang='lat' dir='ltr'><strong>VIII,</strong></span> <span class='ocrx_word' id='word_1_120' title='bbox 1555 1775 1626 1804; x_wconf 87' lang='lat'><strong>10.</strong></span> 
     </span>
     <span class='ocr_line' id='line_1_20' title="bbox 192 1837 1634 1900; baseline 0 -16"><span class='ocrx_word' id='word_1_121' title='bbox 192 1840 302 1884; x_wconf 76' lang='lat' dir='ltr'><em>sola</em></span> <span class='ocrx_word' id='word_1_122' title='bbox 339 1838 617 1900; x_wconf 76' lang='lat' dir='ltr'><em>Sophocleo</em></span> <span class='ocrx_word' id='word_1_123' title='bbox 662 1845 751 1886; x_wconf 73' lang='lat' dir='ltr'><strong>tua</strong></span> <span class='ocrx_word' id='word_1_124' title='bbox 803 1837 1031 1882; x_wconf 82' lang='lat' dir='ltr'><em>carmina</em></span> <span class='ocrx_word' id='word_1_125' title='bbox 1071 1837 1228 1897; x_wconf 79' lang='lat' dir='ltr'><em>digna</em></span> <span class='ocrx_word' id='word_1_126' title='bbox 1271 1837 1510 1885; x_wconf 77' lang='lat' dir='ltr'><em>cothurno</em></span> <span class='ocrx_word' id='word_1_127' title='bbox 1521 1855 1541 1896; x_wconf 84' lang='lat'><em>;</em></span> <span class='ocrx_word' id='word_1_128' title='bbox 1590 1851 1634 1884; x_wconf 87' lang='lat' dir='ltr'><strong>et</strong></span> 
     </span>
     <span class='ocr_line' id='line_1_21' title="bbox 189 1915 1631 1975; baseline 0.001 -11"><span class='ocrx_word' id='word_1_129' title='bbox 189 1917 311 1964; x_wconf 82' lang='lat' dir='ltr'><strong>Dial.</strong></span> <span class='ocrx_word' id='word_1_130' title='bbox 345 1915 403 1964; x_wconf 88' lang='lat' dir='ltr'><strong>de</strong></span> <span class='ocrx_word' id='word_1_131' title='bbox 440 1915 591 1964; x_wconf 73' lang='lat' dir='ltr'><strong>Oratt.</strong></span> <span class='ocrx_word' id='word_1_132' title='bbox 615 1933 689 1964; x_wconf 82' lang='lat'><strong>21.</strong></span> <span class='ocrx_word' id='word_1_133' title='bbox 741 1917 1018 1962; x_wconf 77' lang='lat' dir='ltr'><em>Pacuvium</em></span> <span class='ocrx_word' id='word_1_134' title='bbox 1050 1924 1183 1975; x_wconf 55' lang='lat' dir='ltr'><strong>cert}²</strong></span> <span class='ocrx_word' id='word_1_135' title='bbox 1221 1924 1271 1961; x_wconf 83' lang='lat' dir='ltr'><strong>et</strong></span> <span class='ocrx_word' id='word_1_136' title='bbox 1302 1916 1502 1964; x_wconf 79' lang='lat' dir='ltr'><em>Attium</em></span> <span class='ocrx_word' id='word_1_137' title='bbox 1532 1934 1631 1964; x_wconf 84' lang='lat' dir='ltr'><strong>non</strong></span> 
     </span>
     <span class='ocr_line' id='line_1_22' title="bbox 191 1996 1631 2059; baseline 0.001 -15"><span class='ocrx_word' id='word_1_138' title='bbox 191 1999 350 2044; x_wconf 73' lang='lat' dir='ltr'><em>solum</em></span> <span class='ocrx_word' id='word_1_139' title='bbox 392 1998 671 2059; x_wconf 82' lang='lat' dir='ltr'><em>tragoediis</em></span> <span class='ocrx_word' id='word_1_140' title='bbox 717 1999 811 2043; x_wconf 77' lang='lat' dir='ltr'><strong>secl</strong></span> <span class='ocrx_word' id='word_1_141' title='bbox 856 1998 1011 2043; x_wconf 81' lang='lat' dir='ltr'><em>etiam</em></span> <span class='ocrx_word' id='word_1_142' title='bbox 1049 1996 1361 2045; x_wconf 68' lang='lat' dir='ltr'><em>orationibus</em></span> <span class='ocrx_word' id='word_1_143' title='bbox 1402 1998 1506 2043; x_wconf 72' lang='lat' dir='ltr'><strong>sais</strong></span> <span class='ocrx_word' id='word_1_144' title='bbox 1551 2015 1631 2045; x_wconf 82' lang='lat' dir='ltr'><strong>ex·</strong></span> 
     </span>
     <span class='ocr_line' id='line_1_23' title="bbox 186 2076 1631 2140; baseline 0 -16"><span class='ocrx_word' id='word_1_145' title='bbox 186 2079 402 2140; x_wconf 73' lang='lat' dir='ltr'><strong>pressit:</strong></span> <span class='ocrx_word' id='word_1_146' title='bbox 465 2080 594 2122; x_wconf 82' lang='lat' dir='ltr'><strong>adeo</strong></span> <span class='ocrx_word' id='word_1_147' title='bbox 631 2083 832 2126; x_wconf 73' lang='lat' dir='ltr'><strong><em>durus</em></strong></span> <span class='ocrx_word' id='word_1_148' title='bbox 861 2085 910 2122; x_wconf 82' lang='lat' dir='ltr'><strong>et</strong></span> <span class='ocrx_word' id='word_1_149' title='bbox 946 2083 1147 2124; x_wconf 72' lang='lat' dir='ltr'><strong>siccus</strong></span> <span class='ocrx_word' id='word_1_150' title='bbox 1179 2085 1267 2124; x_wconf 75' lang='lat' dir='ltr'><strong>est.</strong></span> <span class='ocrx_word' id='word_1_151' title='bbox 1351 2076 1487 2134; x_wconf 83' lang='lat' dir='ltr'><strong>Quae</strong></span> <span class='ocrx_word' id='word_1_152' title='bbox 1516 2095 1631 2124; x_wconf 88' lang='lat' dir='ltr'>con-</span> 
     </span>
     <span class='ocr_line' id='line_1_24' title="bbox 185 2146 1631 2225; baseline 0 -21"><span class='ocrx_word' id='word_1_153' title='bbox 185 2158 391 2225; x_wconf 21' lang='lat' dir='ltr'><strong>&gt;veniunt</strong></span> <span class='ocrx_word' id='word_1_154' title='bbox 437 2174 547 2203; x_wconf 87' lang='lat' dir='ltr'><strong>cum</strong></span> <span class='ocrx_word' id='word_1_155' title='bbox 589 2156 680 2204; x_wconf 85' lang='lat' dir='ltr'><strong>illis</strong></span> <span class='ocrx_word' id='word_1_156' title='bbox 723 2146 919 2217; x_wconf 72' lang='lat' dir='ltr'><strong>velleii,</strong></span> <span class='ocrx_word' id='word_1_157' title='bbox 967 2162 1159 2222; x_wconf 68' lang='lat' dir='ltr'><strong>poetam</strong></span> <span class='ocrx_word' id='word_1_158' title='bbox 1204 2156 1343 2203; x_wconf 88' lang='lat' dir='ltr'>illum</span> <span class='ocrx_word' id='word_1_159' title='bbox 1379 2157 1503 2206; x_wconf 84' lang='lat' dir='ltr'><strong>inter</strong></span> <span class='ocrx_word' id='word_1_160' title='bbox 1540 2157 1631 2205; x_wconf 90' lang='lat' dir='ltr'><strong>hos</strong></span> 
     </span>
     <span class='ocr_line' id='line_1_25' title="bbox 189 2236 1631 2302; baseline 0.003 -20"><span class='ocrx_word' id='word_1_161' title='bbox 189 2236 315 2301; x_wconf 87' lang='lat' dir='ltr'><em>ipsos</em></span> <span class='ocrx_word' id='word_1_162' title='bbox 350 2236 511 2283; x_wconf 84' lang='lat' dir='ltr'><strong>fecisse</strong></span> <span class='ocrx_word' id='word_1_163' title='bbox 561 2236 694 2302; x_wconf 80' lang='lat' dir='ltr'><strong>operi</strong></span> <span class='ocrx_word' id='word_1_164' title='bbox 732 2254 817 2283; x_wconf 89' lang='lat' dir='ltr'><strong>suo</strong></span> <span class='ocrx_word' id='word_1_165' title='bbox 863 2237 1049 2297; x_wconf 81' lang='lat' dir='ltr'><strong>locum,</strong></span> <span class='ocrx_word' id='word_1_166' title='bbox 1092 2236 1210 2283; x_wconf 80' lang='lat' dir='ltr'><strong>adeo</strong></span> <span class='ocrx_word' id='word_1_167' title='bbox 1255 2236 1445 2300; x_wconf 82' lang='lat' dir='ltr'><strong>quidem</strong></span> <span class='ocrx_word' id='word_1_168' title='bbox 1486 2251 1540 2284; x_wconf 90' lang='lat' dir='ltr'><strong>ut</strong></span> <span class='ocrx_word' id='word_1_169' title='bbox 1579 2237 1631 2287; x_wconf 81' lang='lat' dir='ltr'><strong>in</strong></span> 
     </span>
     <span class='ocr_line' id='line_1_26' title="bbox 191 2315 1630 2382; baseline 0.002 -21"><span class='ocrx_word' id='word_1_170' title='bbox 191 2316 285 2363; x_wconf 88' lang='lat' dir='ltr'><strong>illis</strong></span> <span class='ocrx_word' id='word_1_171' title='bbox 329 2316 498 2374; x_wconf 82' lang='lat' dir='ltr'><strong>limae,</strong></span> <span class='ocrx_word' id='word_1_172' title='bbox 545 2315 594 2362; x_wconf 83' lang='lat' dir='ltr'><strong>in</strong></span> <span class='ocrx_word' id='word_1_173' title='bbox 635 2316 729 2364; x_wconf 82' lang='lat' dir='ltr'><strong>hoc</strong></span> <span class='ocrx_word' id='word_1_174' title='bbox 762 2334 914 2380; x_wconf 87' lang='lat' dir='ltr'><strong>paene</strong></span> <span class='ocrx_word' id='word_1_175' title='bbox 952 2317 1060 2382; x_wconf 91' lang='lat' dir='ltr'><strong>plus</strong></span> <span class='ocrx_word' id='word_1_176' title='bbox 1094 2316 1307 2365; x_wconf 78' lang='lat' dir='ltr'><strong>videatur</strong></span> <span class='ocrx_word' id='word_1_177' title='bbox 1340 2317 1482 2364; x_wconf 85' lang='lat' dir='ltr'><strong>fuisse</strong></span> <span class='ocrx_word' id='word_1_178' title='bbox 1528 2335 1630 2364; x_wconf 86' lang='lat' dir='ltr'>san-</span> 
     </span>
     <span class='ocr_line' id='line_1_27' title="bbox 193 2396 1627 2462; baseline 0.001 -19"><span class='ocrx_word' id='word_1_179' title='bbox 193 2397 360 2461; x_wconf 85' lang='lat' dir='ltr'><strong>guinis.</strong></span> <span class='ocrx_word' id='word_1_180' title='bbox 454 2396 636 2443; x_wconf 87' lang='lat' dir='ltr'><strong>Ennius</strong></span> <span class='ocrx_word' id='word_1_181' title='bbox 688 2406 813 2444; x_wconf 81' lang='lat' dir='ltr'><strong>ce&#39;rte</strong></span> <span class='ocrx_word' id='word_1_182' title='bbox 857 2398 932 2445; x_wconf 85' lang='lat' dir='ltr'><strong>vix</strong></span> <span class='ocrx_word' id='word_1_183' title='bbox 977 2397 1070 2444; x_wconf 68' lang='lat' dir='ltr'><strong>dici</strong></span> <span class='ocrx_word' id='word_1_184' title='bbox 1120 2411 1308 2462; x_wconf 82' lang='lat' dir='ltr'><strong>poterat</strong></span> <span class='ocrx_word' id='word_1_185' title='bbox 1353 2397 1489 2462; x_wconf 82' lang='lat' dir='ltr'><strong>operi</strong></span> <span class='ocrx_word' id='word_1_186' title='bbox 1539 2415 1627 2444; x_wconf 90' lang='lat' dir='ltr'><strong>suo</strong></span> 
     </span>
     <span class='ocr_line' id='line_1_28' title="bbox 194 2476 1631 2542; baseline 0.001 -18"><span class='ocrx_word' id='word_1_187' title='bbox 194 2477 357 2524; x_wconf 72' lang='lat' dir='ltr'><strong>locum</strong></span> <span class='ocrx_word' id='word_1_188' title='bbox 376 2477 569 2524; x_wconf 85' lang='lat' dir='ltr'><strong>secisse</strong></span> <span class='ocrx_word' id='word_1_189' title='bbox 557 2490 678 2524; x_wconf 78' lang='lat' dir='ltr'><strong>mter</strong></span> <span class='ocrx_word' id='word_1_190' title='bbox 693 2476 951 2526; x_wconf 82' lang='lat' dir='ltr'><strong>Pacuvium</strong></span> <span class='ocrx_word' id='word_1_191' title='bbox 968 2476 1288 2540; x_wconf 84' lang='lat' dir='ltr'><strong>Acciumque‚</strong></span> <span class='ocrx_word' id='word_1_192' title='bbox 1319 2477 1492 2542; x_wconf 80' lang='lat' dir='ltr'><strong>quippe</strong></span> <span class='ocrx_word' id='word_1_193' title='bbox 1513 2495 1631 2542; x_wconf 87' lang='lat' dir='ltr'>quos</span> 
     </span>
     <span class='ocr_line' id='line_1_29' title="bbox 197 2556 1634 2622; baseline 0.001 -19"><span class='ocrx_word' id='word_1_194' title='bbox 197 2573 294 2603; x_wconf 87' lang='lat' dir='ltr'><strong>non</strong></span> <span class='ocrx_word' id='word_1_195' title='bbox 320 2558 573 2621; x_wconf 81' lang='lat' dir='ltr'><strong>exceperit,</strong></span> <span class='ocrx_word' id='word_1_196' title='bbox 607 2556 691 2605; x_wconf 88' lang='lat' dir='ltr'><strong>sed</strong></span> <span class='ocrx_word' id='word_1_197' title='bbox 716 2558 886 2622; x_wconf 86' lang='lat' dir='ltr'>quibus</span> <span class='ocrx_word' id='word_1_198' title='bbox 909 2571 1056 2605; x_wconf 79' lang='lat' dir='ltr'><strong>aetate</strong></span> <span class='ocrx_word' id='word_1_199' title='bbox 1086 2556 1392 2605; x_wconf 82' lang='lat' dir='ltr'><strong>antecesserit.</strong></span> <span class='ocrx_word' id='word_1_200' title='bbox 1442 2556 1634 2607; x_wconf 76' lang='lat' dir='ltr'><strong>Constat</strong></span> 
     </span>
     <span class='ocr_line' id='line_1_30' title="bbox 195 2635 1630 2698; baseline 0.001 -16"><span class='ocrx_word' id='word_1_201' title='bbox 195 2635 322 2683; x_wconf 84' lang='lat' dir='ltr'><strong>enim</strong></span> <span class='ocrx_word' id='word_1_202' title='bbox 357 2636 568 2687; x_wconf 84' lang='lat' dir='ltr'><strong>Ennium</strong></span> <span class='ocrx_word' id='word_1_203' title='bbox 612 2656 735 2686; x_wconf 85' lang='lat' dir='ltr'>auno</span> <span class='ocrx_word' id='word_1_204' title='bbox 770 2656 816 2685; x_wconf 90' lang='lat' dir='ltr'><strong>u.</strong></span> <span class='ocrx_word' id='word_1_205' title='bbox 851 2657 890 2687; x_wconf 77' lang='grc' dir='ltr'><strong>ο.</strong></span> <span class='ocrx_word' id='word_1_206' title='bbox 921 2640 1043 2698; x_wconf 79' lang='lat'>585,</span> <span class='ocrx_word' id='word_1_207' title='bbox 1087 2637 1343 2690; x_wconf 84' lang='lat' dir='ltr'><strong>Pacuvium.</strong></span> <span class='ocrx_word' id='word_1_208' title='bbox 1371 2638 1465 2684; x_wconf 77' lang='lat'><strong>625</strong></span> <span class='ocrx_word' id='word_1_209' title='bbox 1502 2635 1630 2688; x_wconf 82' lang='lat' dir='ltr'><strong>diem</strong></span> 
     </span>
     <span class='ocr_line' id='line_1_31' title="bbox 193 2716 1627 2779; baseline 0 -15"><span class='ocrx_word' id='word_1_210' title='bbox 193 2716 392 2779; x_wconf 77' lang='lat' dir='ltr'><strong>obiisse,</strong></span> <span class='ocrx_word' id='word_1_211' title='bbox 430 2718 630 2773; x_wconf 78' lang='lat' dir='ltr'><em>Accium</em></span> <span class='ocrx_word' id='word_1_212' title='bbox 662 2734 775 2771; x_wconf 75' lang='lat' dir='ltr'><strong>vero</strong></span> <span class='ocrx_word' id='word_1_213' title='bbox 803 2736 932 2771; x_wconf 76' lang='lat' dir='ltr'>anno</span> <span class='ocrx_word' id='word_1_214' title='bbox 969 2717 1162 2769; x_wconf 77' lang='lat' dir='ltr'><strong>,demum</strong></span> <span class='ocrx_word' id='word_1_215' title='bbox 1186 2720 1280 2767; x_wconf 80' lang='lat'><strong>585</strong></span> <span class='ocrx_word' id='word_1_216' title='bbox 1320 2730 1487 2771; x_wconf 76' lang='lat' dir='ltr'><strong>natum</strong></span> <span class='ocrx_word' id='word_1_217' title='bbox 1516 2734 1627 2769; x_wconf 77' lang='lat' dir='ltr'><strong>esse.</strong></span> 
     </span>
    </p>
   </div>
   <div class='ocr_carea' id='block_1_12' title="bbox 1710 1810 1715 2550">
    <p class='ocr_par' dir='ltr' id='par_1_12' title="bbox 1710 1810 1715 2550">
     <span class='ocr_line' id='line_1_32' title="bbox 1710 1810 1715 2550; baseline 0 0"><span class='ocrx_word' id='word_1_218' title='bbox 1710 1810 1715 2550; x_wconf 95' lang='lat' dir='ltr'><strong> </strong></span> 
     </span>
    </p>
   </div>
  </div>
 </body>
</html>
