1715 3117
1400 233 1484 279 121

79 346 212 415 cuius
262 347 400 395 verba
441 363 497 394 ex
541 349 702 396 codiee
747 350 793 396 in
841 352 1160 398 annotationes
1197 371 1298 401 suas
1345 369 1489 403 trans·

77 426 292 473 scribere.
363 427 593 492 Exemplo
626 427 738 490 quid
768 428 903 476 velim
938 431 1191 479 ostendam.

204 505 375 552 Beatus
423 507 678 555 Rhenanus
721 510 769 555 in
810 510 979 573 pagina
1021 509 1233 556 editionis
1273 530 1380 559 suae
1418 530 1490 576 29,

76 601 119 632 v.
144 602 173 646 9
221 584 336 632 haec
381 586 617 644 exhibuit:
670 606 827 651 neque
877 592 1077 636 licentia
1114 593 1397 651 gladiorum
1442 595 1491 639 in

74 665 368 711 mediocreis
421 669 667 714 saevitum
677 659 699 726 ,'
762 667 824 714 ad
878 667 995 715 haec
1054 670 1188 716 verba
1248 670 1491 718 Burei-ius:

75 778 105 802 ,‚
118 741 400 806 Exemplar,
435 745 615 810 inquit,
653 761 739 794 vet.
765 747 906 794 habet
940 765 1090 810 neque
1121 748 1304 795 licentia
1334 750 1491 796 imme-

75 820 228 869 diocri
266 823 532 871 saevitum“
571 827 669 888 ²⁶),
751 827 965 890 Apparet
1005 844 1169 874 vocem
1205 831 1493 889 gladiorum

73 901 269 948 omnino
306 902 599 949 retinendam
634 905 996 968 'esse‘nulloque
1035 904 1180 952 modo
1217 923 1307 970 pro
1343 907 1493 971 expel-

72 981 215 1028 lenda
244 982 449 1030 habitam
491 984 707 1031 Burei-io.
1375 1045 1379 1051 .

203 1061 383 1109 Eadem
428 1075 582 1110 autem
613 1063 791 1110 ratione
823 1093 889 1101 —
932 1078 983 1111 ut
1016 1064 1107 1111 iam
1142 1082 1258 1129 quae
1296 1066 1493 1129 praemi-

71 1141 211 1188 serim
242 1143 441 1190 omnino
485 1160 578 1205 quo
612 1142 851 1190 tenderint
884 1143 1073 1191 videatis
1115 1173 1181 1180 —
1222 1144 1314 1191 hoc
1354 1162 1490 1207 quem

74 1220 216 1284 capiti
248 1222 524 1286 praescripsi
556 1223 663 1269 loco
702 1223 867 1269 iniuste
899 1224 994 1287 egit
1028 1222 1365 1282 Rulmkenius,
1406 1224 1492 1268 im-

71 1319 288 1365 pugnans
316 1296 622 1350 ⁷vocabulum
657 1303 871 1358 hostem,
921 1302 1099 1367 quippe
1139 1300 1268 1366 quod
1305 1302 1493 1349 minime

69 1378 393 1427 inducendum
414 1395 578 1428 statuat
590 1381 827 1428 Burerius.
875 1381 1106 1428 Attendas
1129 1381 1271 1440 enim,
1303 1398 1492 1445 quaeso,

71 1458 133 1506 ad
160 1459 284 1508 hanc
309 1461 495 1507 Burerii
529 1461 983 1506 annotatiunculam:
1021 1496 1054 1516 ‚‚
1086 1462 1349 1506 Praesidia
1390 1478 1492 1504 mu-

70 1542 180 1600 „nit
211 1558 263 1586 se
297 1541 642 1602 magnitudine
672 1532 763 1585 sua
775 1535 855 1597 &a
907 1540 986 1586 Sic
1015 1538 1272 1603 legendum
1308 1537 1491 1584 videtur

69 1638 389 1685 „quamquam
430 1637 485 1667 ex
531 1631 616 1667 vet.
656 1618 759 1665 cod.
805 1617 921 1664 nihil
975 1618 1086 1663 certi
1129 1617 1295 1664 coniici
1333 1630 1490 1679 queat:

68 1702 363 1762 fzpraesiclia
395 1701 567 1754 munit,
606 1712 665 1749 et
692 1718 742 1744 se
764 1700 1107 1761 magnitudine
1132 1715 1222 1744 sua
1247 1715 1343 1743 non
1352 1699 1490 1757 fidu-

69 1780 180 1837 „cia
218 1781 425 1826 metiens
442 1787 475 1808 “
549 1780 760 1843 Apparet
798 1792 989 1843 propter
1038 1777 1258 1824 omissum
1305 1794 1406 1824 voc.
1445 1786 1491 1822 et

70 1856 145 1902 illa
189 1859 425 1923 scripsisse
471 1857 748 1918 Bureriu1n3
794 1859 1078 1918 minimeque
1121 1874 1228 1902 eum
1262 1873 1362 1903 voc.
1406 1857 1490 1901 lio-

69 1939 221 1984 stium
251 1938 491 2002 expellere
526 1951 763 1984 conatum.
850 1937 977 1983 Illud
1022 1949 1199 1983 tantum
1239 1936 1278 1981 si
1312 1934 1387 1982 cui
1427 1935 1491 1982 vi-

71 2016 236 2064 deatur
284 2016 644 2078 concedemus,'
675 2017 957 2064 vocabulum
995 2018 1202 2062 metiens
1242 2027 1491 2077 exceptum

69 2096 262 2144 fortasse
297 2113 393 2143 esse
428 2114 454 2143 a
487 2114 587 2145 voe.
625 2098 856 2143 hostium.
929 2095 1209 2159 scripserim
1244 2093 1404 2157 igitur:

212 2177 479 2237 „Mittitur
510 2205 576 2212 --
611 2179 769 2222 munit
780 2195 798 2234 ;
839 2185 886 2221 et
926 2177 1013 2236 ²⁷)
1056 2193 1107 2220 se
1147 2174 1490 2233 magnitudine

213 2272 331 2315 sua,
374 2271 472 2302 non
502 2256 705 2314 fiducia
758 2256 965 2300 metiens
1012 2254 1254 2307 hostium,
1303 2253 1388 2313 qui
1425 2275 1490 2286 —-

153 2370 168 2380 ,
211 2334 574 2381 minabantur“

107 2444 180 2495 ²⁶)
207 2449 329 2493 Neque
348 2447 496 2482 licentia
516 2447 725 2492 gladiorum
750 2446 785 2480 in
805 2446 995 2480 mediocris
1021 2445 1209 2479 saevitum.
1265 2445 1376 2478 Doce-t
1395 2444 1490 2477 enim

203 2504 360 2538 Ebertus
383 2503 418 2537 iu
439 2502 534 2536 libro
554 2503 610 2536 cui
625 2499 829 2536 inscribitur
855 2513 921 2535 zur
940 2499 1488 2541 Handnchriftenkundv‚*um-po

205 2557 327 2592 omitti
355 2558 479 2592 literne
509 2557 713 2592 consimiles
739 2557 775 2590 in
803 2557 873 2591 fine
899 2556 1048 2590 alterius
1072 2561 1108 2588 et
1136 2555 1183 2590 ab
1213 2554 1315 2587 initio
1340 2552 1488 2588 atteriu-

204 2613 302 2646 vocis
327 2612 476 2657 positas.
1402 2647 1409 2658 ,

103 2674 174 2729 ²⁷)
205 2679 307 2714 Nihil
329 2680 457 2723 video,
482 2692 545 2714 cur
571 2683 667 2715 recte
692 2692 715 2716 ει
741 2680 918 2714 Βὴειιιιιο
950 2679 1097 2714 exclusa
1130 2677 1178 2712 tit
1212 2675 1352 2720 copula.
1410 2672 1486 2707 vid.

204 2734 352 2771 Ruhnk.
383 2735 429 2770 ad
459 2735 496 2769 h.
526 2735 550 2769 1.
733 2739 737 2742 ”
