1715 3117
1395 215 1483 260 135

64 336 284 398 Accedit,
317 337 447 403 quod
474 338 590 386 mihi
614 337 805 403 quidem
835 337 1040 401 ineptior
1062 336 1245 385 videtur
1274 338 1482 400 loquutio

64 434 352 480 „magnum
386 419 522 482 operi
558 435 645 467 suo
678 419 839 467 locum
872 417 1026 466 fecit.“
1094 418 1250 475 Quare
1274 419 1481 466 Ennium

63 496 112 545 h.
132 496 165 545 l.
205 498 398 546 fortasse
432 498 634 546 eandem
677 517 787 546 cum
828 498 963 548 Livio
1000 497 1272 563 Naevioque
1307 512 1482 545 sortem

67 576 203 625 traxit
241 579 463 626 nimirum
500 593 553 626 ut
587 592 828 627 taceretur.
901 577 959 626 Id
993 577 1123 643 quod
1152 592 1306 625 tamen
1340 578 1482 641 expli-

7 706 10 711 ,
67 669 197 705 catur
240 659 297 706 ab
340 659 444 724 ipso
483 659 670 707 Velleio
708 660 739 706 l.
763 658 799 706 I.
833 677 873 706 c.
904 676 982 720 17:
1041 657 1182 718 „Nisi
1236 675 1391 721 aspera
1430 675 1484 703 ac

7 762 9 766 Α
70 735 206 785 rudia
235 752 441 802 repetaS,
475 751 522 786 et
548 740 738 786 inventi
769 741 1032 785 laudanda
1062 738 1297 786 nomine.“

634 873 682 922 P.
704 881 772 924 32.
807 891 846 921 v.
869 881 934 923 18.

203 965 266 1027 II,
302 983 370 1013 12.
395 966 494 1013 init.
564 964 935 1012 Pulcherrimam
968 962 1136 1012 Orellii
1175 961 1486 1008 coniecturam

73 1048 164 1106 „R
194 1047 256 1092 R.
276 1045 727 1108 praecaventibus“
764 1044 865 1108 ipsa
898 1043 1075 1108 syllaba
1102 1059 1235 1104 prae
1260 1041 1307 1087 iu
1348 1042 1400 1089 P.
1430 1043 1489 1089 R.

76 1138 250 1171 mutata
293 1124 396 1187 (uti
438 1142 577 1189 supra
618 1142 673 1172 ex
709 1127 764 1172 P.
797 1127 858 1171 R.
900 1126 1116 1170 effectum
1160 1135 1227 1168 est
1259 1124 1498 1178 Praetor)

73 1204 134 1252 ad
163 1205 442 1253 umbilicum
481 1205 762 1271 perductum
794 1204 853 1251 iri
885 1204 1102 1270 putarim.

601 1339 799 1404 Pag.34.
840 1357 881 1386 v.
901 1347 969 1390 17.

207 1433 270 1494 II,
303 1439 374 1482 14.
402 1453 439 1481 1.
479 1436 690 1496 incepta.
736 1430 1054 1490 Amerbachii,
1088 1448 1184 1477 non
1221 1428 1393 1476 codicis
1428 1440 1493 1472 est

58 1513 117 1560 'v.
160 1515 385 1576 incepta,
428 1511 558 1560 unde
602 1511 679 1558 vix
723 1509 924 1572 mirum,
969 1508 1087 1556 nihil
1131 1523 1309 1556 notasse
1349 1508 1491 1554 Bure-

74 1610 212 1640 num.

624 1684 732 1748 Pag.
749 1690 818 1737 37.
857 1702 899 1731 v.
925 1693 964 1734 1.

212 1778 274 1840 Π,
315 1780 386 1828 16.
422 1782 465 1826 5.
542 1778 593 1826 Si
628 1777 676 1826 h.
703 1777 764 1838 l.‚
802 1795 890 1841 qua
928 1775 987 1823 de
1017 1793 1065 1822 rc
1104 1774 1217 1821 nihil
1252 1773 1494 1836 ambigam,

80 1879 246 1911 verum
280 1873 350 1907 est
382 1855 684 1907 Amet-bachii
720 1859 820 1917 illi,
852 1853 1152 1904 scribendum
1183 1854 1372 1901 fortasse
1405 1864 1495 1898 est:

86 1941 220 1999 Quin
251 1941 384 1986 illius
402 1939 603 2001 pietati.

649 2069 698 2118 P.
721 2077 789 2119 37.
827 2086 868 2116 v.
890 2076 930 2119 9.

213 2165 274 2227 II,
302 2167 374 2214 16.
396 2170 440 2214 4.
510 2163 816 2212 Amerbuchii
840 2162 979 2209 lectio
1004 2163 1275 2223 leget-amq.
1305 2157 1499 2204 omnino

84 2262 193 2293 vera
230 2256 310 2292 est.
390 2246 615 2292 Attamen
649 2242 948 2306 scripserim:
1001 2241 1207 2304 legerant
1249 2235 1378 2302 qnod
1423 2254 1502 2300 ap-

83 2326 319 2390 pellarent
342 2323 568 2372 Italicam.
641 2322 697 2370 In
726 2322 829 2387 ipso
858 2319 987 2384 quod
1011 2319 1277 2365 habuerunt
1297 2314 1497 2362 coneilio

84 2405 295 2452 futurum
344 2396 604 2468 primariae'
642 2415 949 2466 quaecunque
1002 2411 1099 2444 crat
1158 2396 1285 2443 urbis
1332 2409 1501 2440 nomeu

86 2483 378 2532 constituisse
411 2481 639 2531 videntur.
716 2479 930 2526 Ceterum
969 2477 1192 2525 Burei-ius
1224 2475 1274 2521 id
1308 2474 1499 2520 maxime

86 2579 229 2626 agens
259 2575 310 2610 ut
334 2560 601 2609 ostenderet
634 2562 891 2620 Italicam,
927 2575 1022 2604 non
1061 2558 1311 2602 Italicam
1332 2552 1422 2614 legi
1459 2551 1502 2595 in

88 2641 284 2706 antiqno
319 2640 448 2702 cod„
483 2639 543 2686 de
577 2655 710 2686 more
739 2637 799 2685 ad
833 2637 960 2684 illam
998 2636 1066 2683 lit.
1090 2653 1131 2698 q.
1163 2650 1329 2698 parum
1364 2641 1504 2674 atten-

86 2720 172 2781 dit,
203 2737 346 2787 quam
377 2721 520 2785 igitur
546 2735 634 2767 mo
657 2717 848 2766 arbitrio
883 2715 1134 2779 explicasse
1163 2710 1393 2777 putandus
1423 2718 1501 2753 est.
