1715 3117
1413 207 1502 254 109

94 347 206 379 esse.
274 329 419 386 Quod
455 328 698 389 diiudices‚
734 345 921 391 quaeso,
963 347 1018 375 an
1051 347 1133 377 nos
1168 331 1502 391 invenerimus,

90 410 132 457 si
167 409 468 458 scribendum
501 425 847 474 proponamus:

246 504 444 561 Quanto
490 520 598 549 cum
646 509 1035 564 temperamento
1083 503 1230 546 simul
1278 505 1507 550 utilitatis

238 585 360 644 reip.
398 600 478 628 res
520 591 568 628 et
611 582 930 628 auctoritatis
959 582 1275 641 imperatoris
1317 585 1403 644 agi
1436 585 1508 628 vi·

240 660 441 707 dimus?

94 755 268 803 Sensus
314 768 397 801 est:
463 752 686 800 Tiberius
736 752 977 799 tamenetsi
1021 752 1068 798 in
1119 753 1253 798 rebus
1299 752 1510 816 gerendis

96 834 214 881 nihil
269 833 525 880 discesserit
583 851 606 877 a
658 831 878 896 dignitate
934 830 1233 894 Imperatoris
1287 831 1402 877 nihil
1452 830 1509 877 de

95 913 362 960 auctoritate
399 930 480 958 sua
521 910 732 957 deminui
773 928 955 974 passus,
994 923 1145 956 tamen
1191 927 1339 975 neque
1376 924 1512 957 teme-

96 992 217 1039 ritati
264 1011 490 1056 umquam
541 991 700 1037 locum
749 1007 843 1036 esse
892 990 1083 1053 putavit.
1181 988 1347 1051 Neque
1390 989 1511 1035 enim

30 1075 33 1079 ’
97 1089 322 1136 umquam
356 1071 468 1136 reip.
503 1069 743 1116 utilitatem
779 1067 1173 1131 commodumque
1207 1085 1231 1114 e
1263 1080 1516 1132 conspectu

98 1149 272 1210 amisit,
308 1150 423 1196 haec
463 1149 655 1214 quidem
691 1149 732 1195 ei
771 1166 952 1212 semper
988 1165 1124 1195 curae
1161 1161 1305 1194 erant.

231 1255 413 1302 Vocab.
466 1273 546 1300 res
589 1254 645 1299 ab
695 1270 748 1299 co
801 1251 929 1317 quod
974 1254 1029 1298 ab
1078 1253 1161 1298 illo
1204 1252 1329 1300 haud
1379 1257 1516 1318 longe

99 1334 287 1382 distaret
320 1351 362 1382 v.
392 1335 515 1396 reip.
551 1333 820 1395 absorptum
851 1349 945 1378 esse
976 1330 1234 1391 concedes,
1270 1349 1422 1397 neque
1459 1332 1517 1379 de

102 1413 383 1461 vocabulum
432 1429 574 1476 quam
625 1409 838 1456 dedimus
890 1409 1117 1474 positione
1171 1424 1331 1476 utpote
1384 1412 1517 1476 plane

103 1494 346 1542 Velleiaua
379 1491 626 1556 scrupulus
665 1491 813 1551 ullus,
852 1488 1006 1549 credo,
1046 1490 1270 1539 residebit.

421 1775 750 1833 cAPu'r
795 1775 1189 1833 Lxxxn.

526 1882 607 1916 Vell.
624 1883 672 1926 11,
692 1881 770 1916 112.
794 1894 827 1928 p.
845 1881 910 1915 127
929 1881 978 1916 ed.
996 1881 1104 1916 Orell.

212 1982 322 2031 „Ita
342 1982 539 2035 placebat
567 1982 752 2023 barbaris
777 1997 960 2023 numerus
988 1995 1080 2021 suus
1108 1985 1169 2021 ita
1191 1980 1340 2030 fiducia
1363 1979 1520 2023 vim‘mn,

104 2059 150 2091 ut
174 2050 395 2104 ubicunque
425 2049 579 2092 Caesar
604 2060 736 2099 esset,
772 2051 876 2091 nihil
905 2052 945 2090 in
969 2064 1009 2090 ss
1036 2052 1318 2101 reponermaet.“
1374 2051 1439 2085 Ed.
1470 2061 1520 2094 pr.

106 2136 140 2168 p.
170 2125 235 2161 59.

760 2207 879 2214 -—-—-⁴

106 2284 380 2366 Demiror,
415 2320 598 2370 praeter
637 2305 871 2351 Orellium
912 2305 969 2351 V.
1011 2303 1078 2349 Cl.
1119 2301 1355 2349 neminem
1393 2298 1521 2362 quic-

107 2405 250 2453 quam
284 2384 329 2432 h.
360 2386 390 2431 l.
428 2384 738 2444 desiderasse,
776 2402 924 2448 quum
963 2383 1103 2430 verba
1139 2382 1258 2436 „ita
1285 2375 1521 2440 placebat

91 2469 294 2527 fiducia
339 2467 573 2511 viriam“
619 2463 840 2526 coniungi
883 2463 1020 2528 plane
1071 2470 1315 2525 nequeant.
1394 2455 1520 2500 Luce

111 2546 281 2593 clarius
319 2558 410 2604 est,
455 2543 611 2590 verbis
643 2544 846 2601 fiducia
891 2543 1072 2586 virium
1106 2536 1376 2585 addendum
1427 2548 1520 2578 esse

110 2625 305 2673 verbum
361 2621 563 2688 aliquod.
681 2620 1005 2677 Quamobrem
1059 2617 1174 2665 haec
1223 2614 1422 2662 fidenter
1471 2610 1518 2656 in

109 2717 283 2753 textum
317 2717 534 2767 putamus
566 2699 832 2765 recipienda
863 2716 982 2746 esse:
