1715 3117
205 194 270 243 82

637 405 970 474 eal-11¹1·
1013 403 1198 469 mv.

771 515 922 558 vel1.11,
945 512 1003 549 76.
1031 513 1062 546 4.

845 599 992 613 π

211 675 608 750 Historicorum,
659 693 856 756 opinor,
907 690 1100 738 interest
1150 690 1387 755 inquirere
1435 670 1488 737 in
1531 708 1635 738 eam

211 796 326 843 quae
353 776 522 824 Velleii
556 773 846 838 temporibus
876 771 1016 817 fuerit
1057 771 1281 833 equestris
1310 769 1492 817 ordinis
1523 788 1634 817 con-

211 859 449 906 ditionem.
525 854 726 900 Duobus
764 851 886 898 enim
928 851 1042 897 locis
1088 850 1204 896 mihi
1241 851 1344 896 satis
1376 852 1545 911 ,clai-e,
1586 865 1638 898 ut
1706 842 1707 861 ³

209 939 313 997 hic,
354 935 702 982 obscurissima
733 932 882 976 initia
921 948 1032 975 cum
1070 931 1271 994 equestri
1305 929 1473 977 ordine
1508 948 1637 978 com·
1707 975 1708 983 ἶ

210 1017 327 1082 poni
366 1014 593 1063 videntur.
677 1011 801 1057 Dico
843 1022 1000 1055 autem
1036 1007 1124 1055 hos
1167 1008 1320 1055 locos:
1369 1009 1441 1070 II,
1479 1012 1554 1058 88.
1597 1027 1636 1058 2.

210 1115 256 1162 p.
289 1098 394 1143 564.
494 1092 744 1140 Maecenas
793 1089 994 1153 equestri
1045 1092 1136 1135 sed
1175 1088 1423 1152 splendido
1467 1100 1639 1153 genere
1708 1104 1709 1115 ³

214 1191 371 1235 ortus3
411 1173 474 1234 II,
506 1188 606 1233 127.
643 1191 686 1235 p.
710 1171 818 1216 485.
890 1169 987 1215 Sub
1022 1167 1096 1214 his
1137 1169 1365 1232 exemplis
1401 1196 1467 1206 -
1507 1169 1637 1218 Seia-

211 1274 327 1305 num
359 1283 419 1291 --
453 1252 666 1318 principe
704 1249 926 1316 equestris
961 1247 1139 1295 ordinis
1172 1263 1305 1313 patre
1341 1261 1517 1297 natum.
1577 1248 1637 1299 Et

211 1347 510 1401 comparetur
547 1345 700 1378 totum
732 1328 853 1376 illud
885 1341 1034 1392 caput.

344 1438 563 1494 Quorum
588 1433 804 1479 locorum
832 1446 1013 1495 memor
1041 1429 1117 1477 vix
1146 1429 1292 1477 miror
1326 1428 1471 1489 illud,
1506 1427 1638 1494 quod

216 1520 304 1586 ipsi
323 1514 588 1572 Niebuhrio
617 1511 897 1575 scrupulum
933 1508 1108 1555 iniecit.
1180 1507 1371 1574 Quippe
1393 1508 1636 1557 Velleium

214 1596 420 1645 Marium
467 1609 605 1656 quem
641 1588 781 1636 tradit
824 1587 1027 1652 equestri
1069 1587 1174 1635 loco
1220 1601 1381 1635 natum
1431 1587 1637 1634 eundem

214 1681 401 1741 ignotae
430 1670 622 1736 originis
648 1669 798 1717 virum
822 1667 1073 1731 appellare.
1132 1666 1384 1730 Praecipue
1405 1670 1498 1714 sed
1517 1666 1638 1715 illud

216 1757 320 1804 satis
357 1753 560 1802 declarat
589 1767 684 1815 quo
719 1766 856 1795 sensu
888 1746 1091 1794 Marium
1123 1746 1308 1809 ignotae
1343 1746 1536 1810 originis
1572 1746 1637 1793 vi-

221 1854 324 1884 rum
364 1830 651 1898 perhibuerit
679 1828 899 1876 Velleius.

668 2085 1001 2149 cAPtm·
1051 2084 1191 2146 LV.

783 2195 871 2230 Ven.
894 2195 944 2239 11,
980 2190 1039 2228 78.
1073 2192 1103 2228 1.

864 2279 990 2294 a

226 2358 450 2427 Velleius
480 2378 559 2423 hic
580 2374 812 2424 vocabulo
839 2372 1100 2418 momentis
1130 2367 1296 2416 eodem
1324 2386 1463 2417 sensu
1497 2369 1641 2416 utitur

230 2478 325 2526 quo
356 2475 496 2521 supra
532 2457 559 2502 l.
587 2455 625 2515 Ι,
650 2457 725 2501 51.
768 2452 899 2498 dixit:
940 2449 1173 2511 „Graecia
1210 2449 1391 2512 magnis
1414 2466 1644 2496 concussa
1714 2482 1715 2491 ,

229 2554 296 2588 est
334 2537 609 2595 motibas3‘<
664 2550 803 2596 quem
837 2531 991 2593 ipsum
1029 2530 1189 2575 locum
1233 2547 1383 2592 quum
1429 2530 1646 2579 excitaret

228 2618 486 2675 Krausius,
535 2632 631 2660 non
677 2625 776 2660 erat
822 2609 951 2673 quod
988 2607 1327 2655 Ruhnkenium
1370 2607 1552 2655 nodum
1595 2608 1644 2654 in

228 2700 386 2761 scirpo
421 2706 718 2760 quaerentem
748 2702 1039 2752 sequeretur,
1069 2688 1337 2749 praesertim
1375 2703 1519 2750 quum
1557 2685 1644 2733 nisi
