1715 3117
207 225 271 272 66

208 351 302 400 hoc
331 367 490 399 sensu:
539 350 772 397 malebant
803 349 1061 410 triumviri,
1111 349 1453 414 proscriptione
1491 349 1633 396 inter-
1679 363 1683 401 ζ

212 431 295 480 imi
346 448 510 480 omnes
572 445 803 496 quotquot
868 430 1099 478 haberent
1148 430 1392 491 inimicos,
1452 430 1512 477 ita
1569 443 1634 477 ta·
1681 467 1705 490 ,¹1

210 530 321 561 men
374 525 426 558 ut
467 511 540 557 his
589 511 699 577 ipsis
755 509 976 557 caedibus
1021 526 1141 574 quae
1195 522 1240 555 et
1302 523 1473 574 quanta
1517 510 1638 575 passi
1669 483 1699 569 'l

210 606 357 642 essent
405 591 594 658 publice
628 591 955 650 nunciaretur,
1004 607 1145 654 quam
1187 603 1240 635 ut
1277 589 1420 636 iidem
1462 589 1639 636 inimici

209 691 370 721 secum
417 671 614 720 reduces
650 670 826 734 flagitia
861 687 942 716 sua
981 669 1250 733 sceleraque
1274 669 1471 749 ‘civibus
1510 668 1638 715 dete·
1674 665 1680 717 ,Ῐ

210 764 374 818 gerent
421 750 831 813 denudarentque.
919 749 1353 814 Proscriptionibus
1397 748 1444 796 h.
1482 749 1513 796 l.
1551 749 1636 795 ini-

208 833 469 892 micorum,
519 832 724 895 quorum
775 829 965 876 iniurias
1010 829 1128 894 passi
1179 843 1336 889 erant,
1374 828 1658 880 multituda

157 971 165 979 Ι
206 912 412 961 indicata
445 927 540 957 esse
573 909 763 958 dicitur.

339 1006 528 1069 Quippe
555 1002 843 1068 insequentia
875 1001 1161 1063 ostendunt,
1189 1001 1455 1049 Antonium
1483 1016 1527 1048 et
1543 1001 1644 1049 Le·-

1704 933 1707 958 l

1705 974 1707 993 l

206 1085 377 1153 pidum
410 1102 518 1132 suos
560 1081 914 1142 tantummodo,
958 1082 1150 1128 minime
1192 1081 1307 1146 reip.
1350 1080 1656 1151 adversarios3
1692 1017 1709 1117 11

208 1166 354 1215 morti
394 1163 588 1212 dedisse.
697 1161 839 1210 Unde
885 1181 1035 1228 quum
1078 1161 1474 1227 proscriptionum
1516 1181 1643 1209 nun-.
1713 1169 1715 1232 1

210 1248 306 1296 cius
341 1246 543 1292 Romam
579 1243 875 1309 perveniret,
917 1241 1039 1290 cives
1083 1242 1216 1289 facile
1261 1256 1463 1303 norunt,
1515 1231 1653 1307 quae‘i

207 1325 584 1391 proscriptorum
646 1323 840 1388 quisque
910 1322 959 1368 in
1025 1321 1290 1368 Antonium
1341 1322 1632 1387 Lepidumve
1682 1355 1683 1358 =

207 1393 534 1464 commisisset,
586 1402 742 1466 itaque
795 1401 860 1447 illi
912 1402 1336 1466 proscriptionibus
1385 1402 1504 1467 quid
1542 1402 1631 1468 ipsi
1660 1413 1715 1477 ⁴l

207 1486 264 1533 ab
301 1484 506 1532 inimicis
534 1481 656 1547 passi
689 1494 839 1529 essent
867 1480 1080 1526 nunciari
1109 1481 1376 1529 voluerunt.
1612 1522 1619 1528 .
1668 1495 1676 1525 ,ι
1714 1536 1715 1541 1

345 1577 566 1623 Ceterum
620 1592 717 1622 non
778 1574 1139 1639 praetermittam
1189 1591 1265 1620 me
1323 1574 1438 1621 olim
1491 1574 1628 1622 aliam
1668 1550 1676 1611 l
1713 1562 1715 1639 l

209 1656 528 1705 coniecturam
550 1654 729 1702 fovisse.
779 1652 1053 1718 Scripturus
1083 1669 1231 1700 eram:
1268 1655 1456 1700 civibus
1485 1671 1628 1700 revo-

209 1739 328 1784 cari.
408 1735 479 1784 Ita
512 1734 558 1780 h.
594 1734 626 1781 1.
672 1733 829 1797 ipsum
878 1730 1009 1797 quod
1046 1731 1285 1796 praecedit
1331 1732 1492 1795 „host.
1529 1732 1628 1780 iud.
1704 1728 1715 1791 ᾗ

208 1820 381 1866 erant“
410 1827 689 1879 tangeretur.
756 1813 924 1859 Nuari
959 1825 1003 1858 et
1033 1814 1197 1873 mori,
1235 1829 1353 1878 quae
1388 1827 1497 1860 sunt
1524 1830 1627 1861 ver-
1704 1799 1706 1804 Δ

203 1899 377 1945 borum
417 1893 648 1943 nunciari
695 1905 742 1938 et
776 1893 1008 1938 revocari
1048 1890 1352 1957 compendia,
1402 1890 1518 1939 haut
1561 1892 1625 1939 ita

204 1977 411 2025 multum
445 1975 568 2022 inter
602 1989 650 2019 se
681 1970 919 2019 differunt,
1571 1994 1575 1998 ·
1687 1967 1697 2032 f

332 2068 452 2117 Voc.
481 2067 669 2116 civibus
704 2064 870 2114 eodem
903 2081 999 2130 quo
1033 2063 1112 2111 hic
1135 2081 1273 2112 seusu
1308 2065 1475 2129 legitur
1496 2064 1622 2131 apud
1681 2079 1690 2119 ’,

203 2148 358 2198 Vell.:
400 2146 662 2209 „dictitans
673 2182 687 2207 ‚
733 2143 850 2192 nihil
879 2143 1080 2208 amplius
1127 2144 1304 2192 civibus
1332 2158 1513 2209 praeter
1551 2158 1621 2210 ty·
1709 2117 1715 2202 l

204 2229 339 2278 ranni
376 2225 632 2292 petendum
683 2242 778 2272 esse
817 2223 1145 2288 sanguinem.“
1171 2253 1237 2261 —-
1310 2224 1416 2270 Sibi
1463 2237 1619 2271 autem
1687 2189 1701 2288 i

202 2326 291 2376 pro
332 2308 518 2354 civibus
551 2307 728 2354 lectum
762 2322 856 2352 esse
892 2305 1028 2351 facile
1067 2288 1248 2368 colligis
1287 2322 1434 2369 quum
1473 2320 1527 2350 ex
1563 2303 1619 2350 iis

205 2403 324 2456 quae
367 2386 424 2434 de
465 2386 651 2434 mutatis
688 2405 711 2431 s
741 2398 784 2431 et
819 2402 844 2431 c
876 2384 1021 2431 literis
1054 2401 1194 2449 supra
1237 2383 1614 2443 memoravimus,

202 2481 305 2516 tum
359 2484 415 2514 ex
460 2464 749 2530 compendiis
794 2465 1136 2513 vocabulorum
1184 2465 1304 2524 civi,
1372 2464 1615 2528 civitatis,

202 2546 449 2607 similium,
513 2561 718 2612 quorum
768 2543 990 2608 quodque
1045 2541 1244 2589 mediam
1295 2541 1518 2608 syllabam
1565 2544 1616 2587 vi

204 2626 385 2675 omittit.
