1715 3117
10 95 33 283 ἓ
1410 205 1471 252 69

10 330 12 334 ’
57 336 157 385 cap.
179 322 253 366 55.
285 331 472 366 narrata
503 332 657 366 erant:
691 318 904 385 Sequens
924 321 1175 372 Fortunam
1206 344 1336 375 suam
1357 324 1469 376 Caess.

0 434 1 437 η
53 416 142 458 sar,
174 412 420 464 pervectus
450 399 496 445 in
515 399 751 459 Africam,
787 417 927 462 quam
953 403 1106 449 occiso
1130 403 1357 464 Curione,
1394 408 1469 455 Iu-

15 509 20 512 ·
52 478 283 525 limarum
312 478 431 524 duce
468 478 686 543 partium,
724 479 1002 545 Pompeiani
1040 483 1309 533 obtinebant
1343 504 1467 534 exer-

53 557 185 618 citus,
221 558 285 604 ibi
314 559 468 623 primo
503 558 672 604 vau-iam
697 559 956 606 Fortunam
988 566 1267 626 expugnavit
1289 567 1466 627 virtute,

50 638 395 700 inclinataeque
445 637 652 684 hostium
705 640 920 702 copiae.“
1013 640 1229 696 Quorum
1277 661 1468 705 memor,

49 717 223 764 nescies
262 717 508 764 nobiscum
559 715 672 779 quid
714 718 800 764 sibi
839 719 948 766 velit
978 719 1233 781 Krausius‚
1275 737 1466 770 conteu-

51 795 190 857 deus',
230 815 324 843 non
349 795 655 860 cogitandum
694 813 789 843 esse
812 796 869 843 de
908 798 1035 845 bello
1059 797 1252 846 Caesare
1285 802 1467 864 auspice

8 864 9 873 ἶ
49 876 97 923 in
125 876 282 922 Africa
318 890 459 939 gesto.
527 875 686 921 Verba
721 875 798 922 illa
839 895 957 942 quae
992 879 1144 924 statim
1188 891 1469 944 sequuntur:

49 957 129 1002 vir
159 958 352 1018 eloquio
400 957 607 1001 Carioni
642 959 921 1003 simillimus
966 957 1147 1004 Velleio
1195 958 1469 1006 Africanum

46 1035 229 1086 bellum
259 1035 306 1081 in
337 1036 543 1081 animum
574 1036 812 1082 revocanti
844 1037 1059 1083 facillime
1090 1036 1302 1085 excidere
1337 1052 1467 1103 pote·

49 1128 169 1162 rant.
242 1114 370 1170 Quin
402 1116 500 1178 ipsa
528 1117 779 1162 verborum
805 1116 976 1179 positio
1007 1117 1220 1176 ostendit,
1249 1115 1465 1180 scriptori

46 1193 93 1242 h.
125 1195 163 1241 l..
195 1195 310 1239 iacta
351 1211 464 1241 voce
505 1196 791 1256 Africaque
832 1195 965 1240 etiam
1006 1196 1202 1242 lectores
1240 1214 1346 1242 suos
1396 1215 1465 1242 ea-

49 1272 252 1321 rundem
275 1290 430 1320 rerum
459 1273 773 1339 Curionisque
802 1274 1067 1320 meminisse
1090 1275 1222 1321 visos.
1278 1275 1465 1320 Etenim

47 1353 86 1399 si
118 1367 340 1417 tanquam
378 1370 549 1400 novam
591 1354 732 1417 plane
782 1370 1032 1417 personam
1081 1352 1337 1398 induxisset
1377 1353 1466 1398 Cu-

48 1432 246 1491 rionem,
273 1431 546 1496 scripsisset:
589 1433 694 1490 „M.
728 1431 937 1486 Coelius,
967 1432 1045 1476 vir
1067 1433 1257 1493 eloquio
1279 1435 1463 1476 animo-

49 1529 142 1575 que
170 1513 448 1557 simillimus
484 1511 740 1559 Curioni.“
814 1508 959 1565 Quo‘d
991 1511 1074 1556 etsi
1107 1528 1247 1574 neges
1282 1513 1343 1572 (ct
1371 1513 1463 1558 scio

47 1591 216 1639 multos
249 1591 348 1637 fore
387 1589 469 1654 qui
503 1589 612 1635 tales
657 1606 770 1651 quas
807 1588 963 1636 dicant
999 1608 1143 1653 nugas
1176 1591 1462 1656 ineptiasque

49 1688 239 1736 prorsus
279 1669 414 1716 nihili
456 1670 647 1728 saciant)
688 1686 782 1715 non
824 1670 1105 1733 repugnabis
1146 1683 1297 1715 tamen
1348 1687 1463 1733 quo·

47 1750 205 1797 minus
232 1750 279 1796 in
309 1749 380 1795 his
411 1747 619 1812 legendis
651 1748 755 1794 voci
787 1750 1064 1794 simillimus
1097 1766 1266 1794 sonum
1302 1747 1461 1809 addas,

47 1845 204 1894 neque
246 1828 481 1876 recitabis:
529 1827 630 1888 „vir
667 1826 854 1890 eloquio
886 1827 1133 1892 animoque
1173 1828 1376 1873 Carioni
1405 1828 1462 1873 si·

47 1907 326 1974 millimus,“
359 1905 442 1954 sed
477 1906 579 1968 „vir
603 1906 791 1971 eloquio
814 1907 1062 1970 animoque
1092 1905 1290 1953 Curioni
1312 1908 1461 1954 simil·

45 1988 238 2035 limusf‘

177 2146 239 2194 Et
266 2163 323 2192 ne
355 2145 471 2211 quid
494 2146 663 2212 reliqui
685 2146 866 2206 faciam,
906 2144 1112 2192 Caesaris
1135 2143 1215 2191 illa
1247 2145 1460 2203 „Iisdem

46 2225 351 2287 temporibus
386 2224 516 2288 (vid.
553 2225 608 2270 B.
636 2223 687 2271 C.
718 2224 803 2284 III,
828 2227 919 2286 20)
955 2241 1099 2288 quum
1135 2221 1462 2281 demonstrent,

45 2303 182 2351 illum
235 2316 335 2348 ante
387 2320 597 2367 pugnam
637 2302 949 2350 Pharsalicam
1003 2302 1297 2348 commissam
1346 2300 1457 2347 sedi·

46 2381 225 2428 tionem
258 2381 482 2441 movisse,
523 2381 766 2428 verisimile
797 2395 886 2440 est,
926 2381 1166 2428 Velleium
1201 2397 1270 2426 res
1304 2380 1461 2443 paullo
1491 2363 1501 2374 ⁹

48 2473 94 2506 et
129 2474 234 2507 ante
277 2474 321 2507 et
363 2474 469 2524 post
502 2474 648 2523 gestas
680 2459 919 2507 seditionis
960 2459 1085 2505 illius
1129 2458 1462 2520 chronologice

48 2539 342 2587 definiendae
380 2556 468 2604 pro
504 2539 710 2585 terminis
744 2538 963 2602 posuisse.
1031 2535 1197 2602 Neque
1234 2551 1299 2583 est
1334 2534 1461 2600 quod

47 2618 242 2680 addam,
293 2619 523 2667 vocabulo
573 2619 859 2680 Africaque
902 2615 980 2663 hic
1019 2615 1172 2663 minus
1218 2614 1460 2676 diligenter

45 2700 187 2747 verba
223 2701 275 2746 in
307 2700 416 2746 acie
450 2699 746 2745 Phar-vallea
781 2695 942 2758 excipi.
