1715 3117
1430 173 1487 222 41

458 378 788 438 cAPuz·
857 379 1120 446 xxvi„

504 490 654 530 Ve11.11‚
668 488 725 528 39.
751 489 852 536 p.61.
867 492 916 527 ed.
929 493 1053 527 Oreell.

180 589 350 638 „Divus
384 589 590 643 Anqustns
628 599 797 644 praeter
837 592 1057 645 Hispanias
1100 595 1279 648 aliasque
1319 602 1489 650 qenteie,

71 673 237 712 quarum
276 660 405 699 titulis
437 661 571 710 forum
610 663 696 700 eius
731 664 963 713 praenitet,
1010 663 1114 701 idem
1152 665 1268 714 facta
1306 666 1490 719 Aeqypto

69 729 341 780 stipendiaria
381 736 569 781 quantum
601 737 727 781 pater
766 732 851 768 eius
884 729 998 769 Galle·
1028 733 1068 770 z'n
1105 735 1304 774 αι’νανίωιι
1339 736 1491 775 reditus

71 797 287 836 contulit.“
341 802 407 835 Ed.
436 813 487 845 pr.
518 814 551 846 p.
572 803 635 838 29.

68 946 312 1033 Mirum,
348 974 633 1038 Interpretes
664 974 721 1021 ad
752 995 900 1022 unum
931 994 1094 1023 omnes
1123 1006 1189 1012 ——
1218 993 1275 1022 ne
1306 976 1488 1025 Orellio

68 1053 262 1118 quidem
301 1069 494 1119 excepto
533 1085 596 1091 —
637 1055 751 1101 nihil
791 1056 836 1103 li.
876 1057 902 1101 l.
943 1055 1239 1104 desiderasse.
1312 1056 1487 1104 Nonne

68 1151 255 1181 neeesse
288 1148 354 1180 est,
384 1135 676 1199 participium
711 1150 910 1199 ponatur
946 1151 1051 1182 ante
1081 1136 1182 1195 illa,
1219 1154 1334 1200 qnae
1359 1156 1486 1185 nnnc

66 1226 198 1273 sunt,
234 1231 402 1275 paene
450 1213 620 1259 idem?
693 1214 878 1260 Etenim
917 1244 981 1250 -
1026 1228 1076 1261 ut
1119 1229 1292 1262 taceam
1334 1216 1485 1262 latini-

65 1305 231 1352 tatem,
263 1310 347 1356 per
379 1312 519 1358 quam
551 1311 712 1356 aegre,
749 1295 946 1357 opinor,
977 1295 1124 1340 fertur
1158 1296 1286 1341 notio
1310 1300 1486 1357 jactas

65 1375 428 1434 stipendiarias
457 1391 512 1419 ex
545 1374 626 1419 illo
667 1372 798 1437 quod
832 1373 1043 1437 seqnitur
1070 1375 1226 1432 sacta
1251 1376 1482 1437 Aegypto

64 1455 399 1514 stipendiaria
449 1451 734 1498 desumenda
778 1480 833 1486 -—
887 1452 1041 1516 itaque
1087 1453 1217 1498 tacita
1261 1454 1481 1500 latinitate

63 1549 252 1578 sensum
284 1532 377 1579 loci
414 1546 778 1596 perscrutemur.

187 1623 284 1677 „E
301 1621 546 1667 Strabone
573 1648 631 1654 -—
656 1620 765 1666 lieet
791 1620 916 1665 enim
939 1619 1129 1667 Krausii
1154 1619 1303 1665 verbis
1329 1620 1397 1665 uti
1416 1649 1482 1656 -—

195 1702 429 1763 efficitur,
465 1702 687 1762 Aegypti
719 1701 904 1746 tributa
936 1719 1103 1746 annua
1138 1702 1280 1760 longe
1312 1716 1480 1760 super-

194 1800 306 1827 asse
349 1783 466 1826 XII
490 1782 650 1825 millia
696 1789 744 1824 et
785 1782 1053 1842 quingenta
1089 1780 1302 1834 talenta,
1353 1797 1480 1840 qliae

182 1864 309 1922 fero
343 1870 565 1923 aequant
599 1878 859 1907 12000000
890 1861 1237 1921 imperialium.
1298 1858 1480 1904 Galliis

196 1959 313 1988 vero
357 1942 547 1986 Caesar
576 1942 627 1985 in
655 1942 875 2001 singulos
903 1956 1060 1984 annos
1094 1938 1328 1999 imposuit
1359 1954 1477 1998 qua-

195 2023 501 2082 dringenties
534 2022 644 2066 HS.
680 2021 727 2066 h.
749 2039 786 2069 e.
829 2021 1024 2065 circiter
1052 2034 1283 2065 2000000
1325 2018 1476 2077 inape·

193 2102 412 2147 rializim.
421 2108 435 2129 ‘
441 2108 455 2129 ‘

59 2201 225 2259 Quum
253 2201 392 2265 igitur
424 2200 686 2247 Galliarum
720 2200 886 2246 tributa
934 2197 1107 2244 etiamsi
1144 2196 1287 2242 sexies
1326 2193 1475 2258 dupli-

58 2295 224 2330 centur
266 2282 408 2343 longe
449 2294 601 2326 tamen
645 2280 970 2344 relinquantur
1017 2278 1072 2322 ab
1108 2276 1161 2322 iis
1197 2291 1312 2339 quae
1349 2274 1473 2320 Stra-

54 2362 182 2409 bone
226 2374 415 2408 auctore
449 2361 669 2425 Aegypto
707 2357 928 2422 imposuit
959 2357 1221 2420 Augustus:
1267 2367 1471 2418 apparet,

56 2458 211 2506 neque
250 2440 309 2487 de
343 2440 534 2504 reliquis
564 2439 699 2485 etiam
731 2454 848 2502 quae
881 2450 1064 2501 praeter
1095 2435 1364 2500 Aegyptum
1399 2450 1472 2478 su-

54 2537 241 2588 peratae
280 2534 413 2568 erant
442 2516 660 2584 ¹gentibus
692 2515 1021 2581 cogitandum,
1063 2529 1108 2562 et
1143 2512 1471 2576 corrigendum

0 2655 2 2664 y
55 2615 152 2647 esse
181 2599 304 2646 illud
327 2617 496 2662 paene
530 2600 679 2644 idem.
746 2596 1003 2659 Utriusque
1034 2594 1143 2640 mali
1173 2593 1294 2639 hanc
1321 2591 1469 2637 habeo

0 2667 2 2676 ἱ
55 2697 199 2742 quam
234 2681 423 2727 afferam
450 2677 695 2725 medelam.
768 2673 1099 2733 Scribendum,
1131 2673 1177 2719 ni
1202 2671 1350 2727 fallor,
1381 2682 1467 2716 cst:
