1715 3117
562 446 581 494 2
627 427 976 487 GAPUT-
1003 429 1151 487 XC.

558 535 647 569 vell.
664 536 710 579 Π,
731 534 814 568 120.
843 533 874 569 1.
902 548 936 582 p.
958 534 1024 570 137
1049 536 1103 571 ed.
1120 535 1227 570 orell.

282 634 536 682 „Praesidia
563 638 713 683 munit,
749 651 795 676 se
828 637 1107 691 maqnz'tadine
1141 651 1217 677 succ
1251 651 1329 676 mm
1363 637 1514 687 fiducia
1547 639 1612 678 lco-

175 704 295 743 stimn
324 702 534 745 metiens.‘⁵
593 710 660 744 Ed.
688 721 739 754 pr.
772 722 805 754 p.
823 710 886 748 63.

170 865 415 938 Burerius
455 910 595 955 quem
627 909 812 939 morem
844 894 893 939 in
931 894 1312 940 annotationibus
1348 887 1610 942 scribendis

171 984 393 1034 sequutus
427 971 484 1017 sit
529 970 685 1018 adhuc
720 990 892 1037 parum
934 986 1229 1037 perspectum
1269 987 1337 1020 est
1375 988 1420 1020 et
1465 975 1608 1038 expli-

169 1061 337 1098 catum.
408 1051 507 1098 Alii
547 1052 700 1112 enim,
740 1070 856 1115 quos
896 1052 1106 1099 nominat
1139 1052 1394 1114 Krausius3
1424 1056 1470 1109 ei
1501 1055 1608 1101 satis

166 1128 334 1177 iniuste
388 1149 580 1178 omnem
627 1131 984 1197 propemodum
1034 1131 1180 1179 fidem
1232 1131 1480 1180 detrahere
1529 1151 1608 1180 co·-

170 1223 367 1270 nantur‚
409 1212 486 1257 alii
525 1212 812 1260 Ruhnkenio
861 1226 1114 1278 praeeunte
1150 1213 1251 1258 falsi
1286 1228 1398 1260 sunt
1446 1228 1491 1260 et
1526 1213 1606 1261 de-

170 1291 295 1355 cepti
326 1291 470 1355 ipsius
508 1293 694 1340 Burerii
728 1307 1096 1358 quantacunque
1136 1292 1398 1356 diligentia.

208 1366 217 1373 ’
301 1369 398 1426 Qui
421 1389 566 1434 quum
600 1390 698 1419 sese
735 1378 883 1430 „non
921 1373 1067 1420 modo
1103 1391 1290 1421 versum
1314 1373 1485 1433 versui,
1522 1373 1605 1420 sed

166 1451 353 1510 „etiam
388 1453 616 1517 syllabam
647 1452 850 1518 syllabae
886 1467 931 1499 et
965 1453 1119 1517 (quod
1150 1454 1290 1500 alicui
1320 1454 1429 1517 plus
1464 1471 1605 1517 quam

164 1549 192 1590 3,
206 1531 446 1578 curiosum
467 1551 520 1578 ac
551 1549 673 1596 pene
695 1534 890 1579 stultum
913 1532 1058 1580 videri
1081 1540 1242 1597 queat>
1261 1534 1399 1579 etiam
1419 1534 1603 1580 literam

164 1610 358 1670 „literae
393 1612 674 1658 contulisse“
707 1611 1008 1675 praedicarit,
1032 1611 1127 1659 hoc
1158 1631 1295 1659 suum
1315 1613 1602 1676 promissum

168 1689 523 1754 diligentissime
567 1692 778 1740 exsolvit.
854 1692 985 1747 Quin
1029 1691 1146 1738 adeo
1186 1707 1314 1739 tanta
1345 1712 1455 1739 cum
1489 1711 1602 1740 cura

165 1787 266 1817 rem
299 1771 440 1834 gessit
471 1789 628 1832 suam,
671 1783 767 1818 tam
801 1772 936 1828 anxie
976 1772 1136 1820 onmia
1173 1785 1487 1836 perscrutatus
1519 1784 1602 1834 es't,

161 1865 217 1897 ut
254 1868 356 1898 eam
399 1851 550 1915 ipsam
593 1853 653 1898 ob
694 1870 904 1899 caussam
941 1872 966 1898 a
1013 1853 1175 1898 multis
1223 1853 1307 1917 qui
1350 1853 1399 1899 id
1445 1854 1602 1901 minus

160 1945 469 1995 perceperant
520 1933 692 1979 iniuria
743 1933 799 1979 sit
847 1933 1144 1997 vituperatus.
1234 1932 1290 1978 In
1347 1934 1601 1982 excitandis

164 2011 291 2057 enim
323 2025 475 2058 textus
511 2030 653 2077 quem
683 2011 851 2059 dicunt
878 2013 1032 2060 verbis
1066 2013 1292 2060 Burerius
1327 2014 1366 2067 si
1397 2015 1518 2062 forte
1548 2014 1600 2061 id

161 2104 342 2138 tantum
394 2092 517 2155 agit,
585 2105 637 2138 ut
700 2106 777 2138 aut
844 2093 1099 2140 verborum
1163 2093 1448 2157 positionem
1517 2107 1644 2141 aut,

160 2173 379 2219 vocabuli
418 2173 779 2237 alicuius·quae
828 2174 973 2236 vulgo
1012 2173 1195 2237 legatur
1241 2174 1448 2221 formam
1493 2191 1598 2220 mu-

161 2250 382 2298 tandam-
413 2270 508 2299 esse
570 2253 830 2316 significet,
900 2253 1086 2317 singula
1142 2252 1383 2300 interdum
1450 2254 1593 2302 verba

162 2330 342 2378 omittit.
424 2330 594 2397 Neque
644 2346 797 2379 tamen
847 2331 942 2380 hoc
985 2332 1093 2380 ideo
1147 2334 1308 2380 fecisse
1352 2332 1595 2396 putandus
1650 2353 1653 2359 ·

162 2423 253 2467 est,
292 2411 424 2473 quasi
456 2411 573 2459 haec
609 2430 728 2477 quae
763 2412 918 2459 omisit
951 2413 1094 2459 verba
1131 2413 1264 2459 etiam
1300 2413 1388 2477 ipsi
1416 2413 1594 2460 Velleii

161 2488 472 2537 abiudicanda
512 2509 608 2539 esse
655 2504 861 2551 censeat,
911 2509 1055 2554 eaque
1096 2492 1145 2538 in
1196 2491 1360 2539 codice
1399 2493 1591 2539 Murba-

161 2569 287 2615 censi
328 2570 528 2633 reperiri-
563 2585 724 2634 neget,
779 2570 881 2618 sed*
909 2571 1015 2633 quia
1065 2590 1206 2636 quam
1247 2569 1590 2619 accuratissime

105 2699 109 2703 s
160 2646 329 2710 agendi
373 2648 527 2696 studio
571 2650 708 2713 plane
757 2664 922 2714 captus
968 2662 1065 2697 erat
1106 2665 1152 2697 et
1196 2665 1454 2716 occupatus
1502 2652 1591 2699 alia

161 2729 319 2774 omnia
350 2727 685 2793 vilipendebat,
726 2730 1064 2795 omittebatque
1100 2732 1336 2779 universa
1377 2732 1470 2780 loci
1507 2732 1591 2780 ali-

1710 2358 1715 2458 ῑ

1712 2469 1715 2506 f
