1715 3117
1402 193 1491 239 139

56 304 171 366 ‘sed
212 319 273 349 ex
316 303 562 365 dignitate
615 307 991 369 constantiaque
1041 312 1092 356 in
1145 313 1283 359 illam
1320 331 1490 362 conve-

75 382 240 428 niente
277 384 682 444 amplitudinem,
727 402 856 447 quae
878 388 1150 446 fortunam
1184 394 1288 437 eius
1320 397 1392 440 acl
1423 397 1491 440 ul-

74 461 250 506 timum
302 463 438 508 vitae
482 463 720 507 comitata
771 473 844 510 est
893 468 1104 512 diem.“'
1165 470 1491 519 conveniente

71 538 163 586 feci
204 557 261 587 ex
306 558 347 587 v.
381 543 699 602 convenienc,
735 541 871 590 sicuti
911 544 1011 591 aliis
1044 563 1228 610 quoque
1264 550 1375 597 locis
1402 553 1487 598 sub

73 618 141 665 lit.
171 638 196 666 s
234 628 281 665 te
313 633 356 666 et
383 622 480 666 iter
507 622 653 667 latere
686 621 895 679 ostendi,
956 640 993 670 e.
1019 642 1063 687 g.
1104 627 1261 673 victus
1290 646 1413 691 pars
1445 631 1490 676 in

72 697 238 748 codice
269 699 434 746 exstitit
469 717 559 764 pro
593 702 778 746 virtute
809 704 1021 764 pariter.

600 832 709 897 Pag.
736 841 806 884 51.
844 853 884 882 v.
907 845 974 886 18.

199 925 273 988 II,
307 944 382 990 29.
411 928 482 974 18.
535 929 845 989 prudentide
884 931 1155 996 celeriora]
1220 931 1494 980 Militat-ium

70 1023 230 1054 rerum
262 1009 515 1067 doctrina,
546 1024 645 1054 uon
669 1011 949 1070 prudentia
983 1010 1209 1058 excolitur
1239 1011 1492 1076 ingenium,

6 1085 7 1110 ³
68 1102 216 1150 quare
268 1085 372 1132 sort.
432 1084 717 1150 legendum:
801 1087 980 1134 bonum
1039 1097 1087 1134 et
1138 1106 1299 1153 capax
1355 1102 1492 1140 recta

69 1167 295 1212 discendi
350 1167 603 1227 ingenium
657 1167 904 1228 singulari
962 1185 1131 1214 rerum
1198 1172 1492 1220 militarium

57 1247 338 1307 prudentia
370 1249 607 1293 excellere
642 1256 873 1309 curarat,
904 1257 959 1294 ut
994 1262 1049 1295 et.
1089 1268 1133 1313 q.
1163 1266 1198 1295 s.
1263 1249 1442 1302 Literas
1467 1271 1494 1297 e

0 1331 1 1338 ’
67 1327 216 1371 celeri
247 1325 394 1373 verbo
423 1328 673 1385 excellere,
709 1326 839 1389 quod
875 1339 1012 1373 restat
1048 1344 1140 1373 ora
1173 1329 1318 1375 verbo
1353 1347 1491 1376 cura-

66 1413 152 1450 rat
181 1403 415 1468 originem
447 1404 559 1454 dare
589 1406 816 1456 iusserim.
885 1406 943 1452 Et
975 1405 1158 1453 attende
1196 1407 1255 1454 ad
1289 1408 1364 1455 illa
1401 1427 1491 1456 ora

65 1493 115 1530 et
161 1501 197 1530 a
231 1484 466 1531 simillima
499 1483 593 1531 illis
643 1494 852 1530 curarat
895 1495 950 1531 zet
983 1504 1042 1546 a,
1097 1487 1242 1534 literis
1288 1487 1413 1536 hisce
1459 1506 1491 1535 u

63 1564 242 1612 scribae
285 1562 467 1611 incuria
513 1561 775 1627 depravatis
816 1563 1132 1612 nanciscimur
1179 1575 1489 1627 car-aratam,

67 1660 214 1709 quare
248 1643 365 1708 quid
402 1643 579 1691 facilius
611 1659 750 1705 quam
779 1660 820 1690 v.
860 1653 944 1690 rat
977 1642 1214 1692 excidisse.

618 1790 728 1854 Pag.
754 1798 821 1841 52.
839 1792 890 1837 'v.
912 1799 950 1840 1.

193 1883 254 1941 Il,
281 1887 356 1932 30.
388 1901 426 1931 1.
472 1885 703 1931 Etoscae.
769 1879 855 1930 Uti
887 1901 1029 1948 supra
1064 1901 1120 1932 ex
1151 1904 1192 1933 v.
1234 1886 1489 1933 Taenaria

64 1961 200 2010 effeci
232 1962 274 2010 I.
311 1963 567 2023 Aenaria,
604 1962 665 2009 ita
700 1961 747 2008 h.
783 1961 812 2007 l.
839 1979 895 2008 ex
929 1979 970 2010 v.
1004 1963 1218 2010 Etoscae
1247 1965 1485 2013 elicuerim

76 2045 133 2090 U.
172 2044 334 2090 Oscae
371 2042 402 2090 i.
429 2059 468 2090 e.
509 2041 631 2089 urbe
667 2043 835 2088 Oscae.

590 2189 697 2254 Pag.
724 2197 794 2241 53.
834 2208 874 2238 v.
895 2197 962 2240 14.

194 2282 258 2344 H,
284 2286 358 2331 51.
384 2288 428 2330 4.
472 2291 529 2330 ut
562 2284 784 2345 exemplo
814 2290 968 2330 nocet.
1036 2281 1243 2329 Persona
1282 2282 1329 2331 h.
1356 2285 1386 2331 Ι.
1422 2298 1486 2330 est
1522 2307 1527 2312 ¹

63 2363 369 2412 vernaculum
398 2361 787 2423 Persbnlichkeit,
822 2362 1182 2426 scripserimque
1216 2372 1308 2419 „ut
1328 2381 1485 2409 exem-

55 2447 203 2506 plum
239 2447 436 2491 docee.“
511 2440 677 2505 Neque
726 2441 851 2488 enim
897 2440 1068 2488 dicitur
1112 2441 1159 2488 h.
1191 2443 1248 2502 1.,
1291 2441 1357 2488 M.
1387 2442 1485 2489 An-

66 2523 185 2570 tonii
227 2522 450 2587 exemplo
488 2523 710 2568 effectum
745 2537 845 2568 esse
879 2534 932 2566 ut
963 2520 1190 2568 Gabinius
1232 2521 1380 2585 legem
1413 2534 1483 2566 tu·

63 2601 194 2662 lerit3
236 2602 320 2650 sed
349 2601 499 2650 verbis
532 2602 638 2648 Sed
666 2626 725 2636 —
760 2602 897 2646 levat
926 2598 1193 2647 continetur
1226 2600 1365 2658 ratio,
1399 2616 1481 2644 cur

63 2680 291 2747 Pompeio
340 2679 532 2747 quidem
575 2680 678 2744 lege
725 2678 803 2726 ina
847 2678 1026 2743 perlata
1065 2678 1149 2725 uni
1195 2678 1291 2725 viro
1330 2693 1478 2741 paene
