1715 3117
199 202 263 250 38

591 436 919 500 mmmm·
949 436 1243 504 xxnl.

644 553 732 588 Veli.
758 553 820 593 ΙΙ,
846 550 902 587 47.
927 565 959 599 p.
973 548 1055 589 234.
1080 552 1131 588 ed.
1142 552 1184 587 R.

311 645 437 695 „Per
467 645 592 697 haec,
631 647 984 700 insequentiaque,
1011 647 1055 697 8·
1082 660 1186 700 quae
1218 644 1503 698 praediximus
1534 651 1634 684 tem-

196 727 327 768 pora,
353 716 524 770 amplius
553 729 681 760 0000.
711 716 885 756 hostiam
908 730 935 755 α
958 714 1002 755 C.
1035 714 1215 755 Caesare
1238 728 1361 754 caesa
1384 721 1491 762 sunt,
1509 713 1633 766 plura

204 790 373 837 capta.“
427 793 494 826 Ed.
521 805 573 837 pr.
603 806 636 838 p.
655 794 717 830 32.

857 871 993 885 a

204 951 487 1024 Tantamne
544 979 826 1044 paucitatem
885 978 1078 1042 periisse
1143 975 1341 1024 credas?
1429 976 1631 1023 Adeone

206 1054 413 1103 Caesaris
457 1057 648 1119 laudem
698 1058 920 1104 attrivisse
962 1055 1299 1102 Paterculnm?
1366 1056 1632 1120 Appianus,

203 1134 410 1183 Krausio
456 1153 580 1185 recte
622 1139 877 1198 referente,
930 1151 974 1183 et
1005 1135 1286 1183 Plutarchus
1329 1135 1482 1183 decies
1524 1154 1632 1183 cen-

202 1228 311 1262 tena
356 1217 540 1265 circiter
580 1219 708 1264 milia
754 1218 1022 1265 occisorum
1061 1216 1351 1281 totidemque
1388 1230 1632 1280 captorum

152 1318 154 1329 ν
203 1312 465 1345 numerant.
554 1297 730 1345 Plinius
778 1310 934 1344 autem
987 1297 1171 1357 scribit,
1233 1297 1426 1343 Praeter
1476 1297 1634 1344 civiles

201 1375 415 1422 victorias
459 1376 680 1424 undecies
732 1393 928 1424 centena
970 1391 1014 1423 et
1056 1377 1307 1441 nonaginta
1345 1376 1445 1422 duo
1488 1377 1631 1422 millia

202 1453 398 1502 homina
433 1457 584 1503 occisa
625 1459 680 1503 ab
727 1475 781 1504 eo
820 1457 1021 1521 proeliis.
1100 1457 1175 1502 Ab
1211 1456 1282 1502 his
1319 1474 1415 1502 non
1456 1456 1634 1503 recedit

203 1534 378 1581 Velleii
419 1555 675 1597 numerus3
714 1537 858 1583 modo
903 1553 961 1582 ne
1012 1553 1200 1582 mecum
1233 1536 1388 1599 legere
1428 1530 1633 1583 recuses:

204 1619 436 1662 undecies
497 1627 701 1663 centena
755 1620 927 1663 millia.
1038 1616 1195 1672 Quam
1253 1615 1634 1664 emendationem

204 1694 458 1742 Niebuhr-ii
492 1698 766 1743 auctoritate
794 1700 873 1754 1⁷)
907 1696 1027 1742 tueri
1058 1696 1107 1742 in
1144 1696 1299 1742 animo
1337 1710 1416 1744 est.

335 1805 523 1851 Etenim
560 1805 680 1851 nihil
713 1805 905 1863 dubito,
941 1804 1054 1868 quin
1093 1805 1162 1849 uti
1198 1823 1269 1867 ap.
1299 1803 1395 1852 Cic.
1431 1804 1488 1850 de
1509 1805 1630 1870 Rep.

205 1900 259 1929 ex
295 1886 475 1930 aCCC
501 1884 638 1932 Nieb.
689 1886 840 1932 effecit
881 1885 1118 1943 ooacCC,
1165 1884 1225 1929 ita
1261 1883 1307 1928 h.
1341 1885 1371 1930 l.
1413 1903 1632 1931 numerus

207 1961 368 2009 CCCC
421 1965 536 2011 nihil
582 1966 639 2012 sit
682 1966 770 2012 nisi
821 1988 867 2014 00
900 1983 952 2011 ac
989 1966 1044 2012 C.
1086 1982 1118 2010 s.
1170 1962 1392 2010 undecies
1438 1979 1633 2011 centena

203 2043 363 2093 millia.
433 2045 550 2092 Tres
589 2060 722 2093 notas
755 2046 792 2092 C
828 2047 1094 2105 absorbeat,
1123 2061 1308 2090 neeesse
1345 2058 1425 2105 est,
1465 2045 1634 2109 copula

204 2140 287 2186 ac,
324 2144 472 2190 quum
506 2127 573 2173 lit.
603 2146 628 2173 a
663 2145 748 2192 per
781 2126 1022 2191 duplicem
1055 2125 1121 2171 lit.
1143 2143 1168 2171 e
1203 2124 1499 2188 exprimatur.

265 2280 327 2329 ¹⁷)
356 2283 435 2318 vid.
462 2285 564 2320 Nieb.
590 2287 614 2320 1.
644 2286 669 2319 1.
