1715 3117
1419 165 1473 211 51

200 312 235 333 ‚‚
248 278 463 339 Tamen,
504 279 681 344 inquit,
718 283 862 328 aliud
892 284 1048 330 latere
1082 287 1301 342 videtur,
1347 292 1482 350 quod

201 360 453 413 acutioreo
482 377 562 413 mc
593 368 895 428 quaerant.⁴‘

57 450 382 507 Quamobrem
418 452 455 498 si
486 451 722 501 feliciores
758 451 947 500 dixisset
975 453 1306 515 Ruhnkenius,
1344 457 1476 521 equi·

55 528 163 575 dem
222 547 392 576 nomen
445 531 722 593 profiterer,
779 530 908 596 quod
952 549 1098 596 quum
1151 533 1229 579 ille
1277 552 1322 581 se
1368 554 1474 582 acu·

53 608 197 655 tiores
223 609 522 674 quaesiverit,
562 609 637 656 vix
676 611 829 656 ullum
857 593 1092 658 facturum
1124 627 1219 656 esse
1256 614 1468 675 putarim.

53 686 149 733 Sed
197 716 256 723 -
304 702 357 734 ut
394 687 573 735 mittam
617 690 835 753 ambages
879 718 946 726 -—
991 688 1108 743 haec
1146 689 1359 752 equidem
1401 693 1472 739 in-

53 767 187 815 veni:

195 859 434 919 „Balbus
503 861 761 906 Cornelius
820 862 920 906 illis
984 862 1297 907 incrementis
1335 863 1472 921 fecit

195 940 334 985 viam
373 938 549 1001 quibus
587 956 685 985 non
726 941 778 984 in
811 941 1069 1002 Hispania
1099 957 1133 986 a
1171 942 1276 987 cive
1305 950 1468 997 natus,

194 1021 288 1064 sed
310 1017 624 1081 Hispanus‚“

51 1109 199 1167 Quod
243 1111 406 1158 attinet
454 1109 514 1157 ad
557 1109 676 1157 illud
718 1112 824 1156 cive
867 1129 891 1156 a
937 1110 1072 1160 nobis
1110 1112 1285 1158 factum
1329 1128 1383 1158 ex
1429 1131 1466 1159 v.

48 1191 232 1248 Asiae,
271 1207 456 1238 arcesso
491 1188 808 1237 Godefridum
842 1190 1075 1238 Abbatem
1107 1190 1471 1239 Gottwicensem

50 1270 157 1335 qui:
217 1273 585 1331 ‚,Permutata,
622 1269 799 1336 inquit,
837 1271 990 1316 etiam
1027 1271 1303 1333 antiquitus
1334 1271 1384 1316 S.
1422 1279 1469 1316 et

55 1350 149 1396 C.“
221 1348 331 1396 Vid.
366 1367 412 1418 p.
443 1356 472 1396 4
506 1348 682 1396 Chron.
711 1347 929 1398 Gottwic.

178 1482 275 1533 Sed
310 1482 471 1543 video,
527 1481 574 1529 in
615 1482 777 1529 similia
814 1482 905 1528 iam
949 1493 1054 1528 ante
1096 1497 1172 1527 me
1206 1481 1467 1529 coniectura

46 1562 270 1611 ⁴incidisse
300 1563 663 1626 Hottingernm‚
695 1562 776 1627 qui
806 1574 961 1608 tamen
993 1572 1038 1606 et
1069 1561 1466 1624 praepositionem

49 1646 102 1690 in
141 1643 311 1703 omisit,
365 1656 411 1690 et
455 1652 511 1688 at
562 1641 772 1704 scripsit,
827 1658 975 1704 quum
1025 1652 1234 1685 nostrum
1279 1657 1313 1684 α
1361 1641 1466 1685 cive

48 1724 208 1788 paullo
243 1724 440 1788 propius
474 1721 665 1769 accedat
698 1720 765 1766 illi
800 1720 969 1766 Asiae.

44 1913 49 1917 .
183 1857 327 1914 Quod
357 1872 512 1908 autem
541 1855 601 1904 ad
629 1854 905 1905 seutentiam
933 1852 1028 1904 loci
1059 1852 1232 1910 attinet,
1261 1864 1464 1915 apparet,

49 1938 255 1985 Balbum
306 1955 364 1984 ne
421 1948 569 1983 matre
618 1933 806 1998 quidem
854 1932 1091 1991 Romana,
1138 1947 1289 1995 neque
1334 1941 1463 1994 patre

50 2017 294 2076 Romano,
358 2019 441 2062 sed
497 2014 760 2078 Hispanicis
814 2011 1080 2076 parentibus
1143 2010 1190 2055 in
1245 2009 1462 2072 Hispania

47 2109 211 2147 natum
245 2094 355 2142 dici.
