1715 3117
1372 175 1432 220 65

46 290 151 342 uod
180 305 336 338 tamen
381 308 478 338 non
515 290 624 337 item
664 288 784 337 cadit
825 291 872 337 in
908 294 1102 339 verbum
1137 298 1327 343 satiari.
1366 325 1426 335 --

70 370 374 419 ultitudinem
407 372 622 418 locorum
672 371 805 416 affert
836 369 1122 419 Forceninus
1151 392 1183 421 s.
1225 392 1265 422 v.
1300 380 1427 422 satio

41 465 59 497 t
95 453 340 510 satiatas,
386 467 592 514 quorum
631 467 688 495 ne
724 468 844 495 unus
889 449 1080 513 quidem
1126 470 1229 499 cum
1274 472 1314 500 v.
1355 471 1430 502 ve·

30 531 98 578 uti
127 549 160 578 s.
207 532 338 595 quasi
374 531 666 577 coniunctam
697 529 884 575 exhibet
927 531 1189 577 translatam
1237 534 1430 581 satiandi

47 611 273 659 ctionem.

411 866 742 925 ‹ul-11¹1·
797 863 1052 924 xuv.

462 978 549 1011 ven.
570 977 620 1020 11,
644 976 702 1010 66.
728 990 760 1023 p.
771 977 816 1011 86
835 978 886 1012 ed.
907 977 1013 1011 oren.

126 1075 346 1125 „Fur-ente
373 1077 521 1116 deinde
544 1077 723 1117 Antonio
750 1079 944 1131 simulque
962 1076 1124 1129 Lepido
1149 1092 1311 1130 quorum
1336 1087 1440 1119 uter-

17 1160 94 1200 que
131 1154 177 1186 ut
204 1134 658 1199 praediximm'hostes
693 1147 866 1186 iudicati
902 1154 1046 1185 erant:
1082 1160 1169 1185 cum
1200 1146 1314 1186 ambo
1347 1147 1442 1186 mal·

19 1214 104 1254 lent
127 1213 208 1254 sibi
228 1216 434 1261 nunciari,
468 1215 568 1268 quid
583 1217 701 1268 passi
733 1222 866 1254 essent
893 1228 1010 1268 quam
1043 1215 1141 1266 quid
1170 1216 1442 1261 meruissent,

22 1305 71 1313 —
96 1286 364 1324 &camaracum
382 1281 547 1322 Sullani
576 1283 757 1335 exempli
778 1282 946 1330 malum,
969 1283 1260 1334 proscriptio.“
1300 1287 1365 1321 Ed.
1389 1297 1444 1330 pt.

22 1367 56 1402 p.
84 1354 149 1393 40.

669 1425 795 1438 z

24 1503 363 1576 Ruhnkenius
397 1528 595 1576 verbum
633 1528 862 1573 nunciari
900 1528 987 1586 „in
1025 1527 1200 1574 mendo
1230 1529 1470 1593 cubare‘ff

24 1609 230 1675 putavit,
264 1608 327 1655 ita
349 1607 543 1673 quidem
567 1608 726 1654 locum
748 1623 913 1651 sanum
938 1623 1031 1651 non
1055 1623 1150 1651 esse
1172 1623 1442 1668 persuasum

13 1687 217 1753 habens.
279 1687 385 1743 Qua
408 1689 454 1734 in
484 1705 532 1734 re
555 1687 749 1734 omnino
774 1685 994 1731 assentior
1025 1685 1144 1731 Viro
1166 1702 1363 1731 summo.
1380 1713 1440 1721 —

29 1767 161 1824 Quid
213 1767 377 1814 enim?
439 1786 555 1813 num
609 1765 946 1830 proscriptione
1002 1764 1092 1809 illis
1146 1765 1442 1809 nunciaretur

29 1863 216 1894 necesse
275 1860 371 1893 erat
415 1863 531 1908 quae
583 1845 670 1908 ipsi
719 1845 834 1904 passi
877 1842 1061 1889 essent?
1145 1842 1273 1889 Haec
1316 1841 1443 1887 haud

31 1920 183 1972 dubie*
220 1927 368 1989 probe
415 1939 495 1971 aut
541 1925 694 1988 potius
738 1923 949 1987 improbe
994 1923 1220 1967 tenebant.
1299 1921 1444 1966 Here-

8 1994 147 2052 'lium
189 2018 343 2050 autem
380 2005 531 2051 virum
571 2003 776 2067 alioquin
826 2002 1164 2065 sagacissimum
1203 2019 1356 2046 secum
1395 2001 1440 2044 in

33 2100 246 2132 errorem
290 2083 423 2130 traxit
464 2083 767 2145 Hottingerus
808 2082 867 2128 V.
906 2082 961 2127 D.
1038 2080 1149 2125 Eius
1201 2080 1322 2124 onim
1366 2097 1442 2123 vx-

34 2164 283 2230 plicatione
326 2161 572 2221 inductus,
628 2161 675 2208 h.
710 2161 741 2207 l.
795 2158 852 2205 de
903 2158 1080 2222 Lepido
1137 2172 1179 2204 et
1234 2158 1442 2204 Antonio

0 2268 1 2272 ¹
38 2243 149 2307 reip.
194 2241 402 2288 hostibus
453 2239 663 2286 iudicatis
709 2238 926 2302 cogitavit
976 2256 1120 2301 quum
1170 2237 1302 2300 plane
1347 2254 1441 2281 non

39 2321 236 2369 dubium
267 2321 348 2380 sit,
381 2321 530 2367 verbis
564 2337 672 2365 cum
703 2318 845 2364 ambo
885 2318 1083 2362 mallent
1116 2344 1177 2351 -
1214 2317 1442 2360 ‹vuer-uis-

41 2411 149 2448 sent
179 2399 534 2464 proscriptionis
571 2415 755 2444 causam
791 2410 835 2441 et
868 2396 1092 2457 originem
1123 2392 1440 2439 demonstrari.

41 2479 193 2527 Nihili
226 2480 368 2542 igitur
404 2492 469 2531 est
498 2477 675 2524 Her-clii
711 2476 974 2522 coium-tura
1010 2477 1174 2535 „quid
1191 2475 1443 2536 possent.“

45 2553 214 2605 Melius
252 2571 407 2603 autem
448 2558 495 2602 ni
529 2557 664 2601 fallor
697 2555 947 2617 legeretur:

187 2667 337 2710 „cum
372 2649 517 2696 ambo
561 2648 765 2694 mallent
795 2644 981 2693 civibus
1017 2642 1308 2692 nunciati,“

1076 2723 1100 2760 5
