1715 3117
187 180 252 230 44

193 310 435 369 Pontiae,
483 307 667 372 egregie
707 307 974 369 potentiae
1014 306 1267 355 efficientis,
1350 307 1423 355 De
1471 306 1618 355 altero

188 407 301 438 vero
330 387 462 454 quod
495 389 544 436 in
581 386 792 435 medium
823 387 1001 451 profert
1026 387 1337 434 maleausim
1369 388 1617 435 incurrere
1672 425 1674 430 s
1714 433 1715 436 ,

187 470 238 517 in
287 468 480 516 Krausii
538 468 947 534 vituperationem:
1016 468 1371 528 „felicissimam
1418 483 1461 515 et
1513 469 1618 534 pul·
1674 497 1706 505 ω

189 549 468 596 cherrimam
523 548 671 612 Lipsii
707 547 1024 594 coniecturam
1076 547 1374 610 insequentes
1421 547 1618 595 Criticos

187 630 434 694 ingenium
468 647 608 676 suum
645 643 697 674 ut
727 627 941 676 videatur
971 641 1284 675 ostentatui-os
1311 627 1618 675 deseruisse.⁶‘

186 710 374 758 Etenim
408 727 459 756 ea
496 724 562 756 est
590 710 639 756 in
669 709 889 774 Lipsiana
923 709 1125 755 lectione
1147 709 1403 756 verborum
1433 708 1617 772 positio,

186 805 239 837 ut
279 791 452 837 mirum
494 789 650 855 potius
691 807 785 836 esse
829 789 1071 850 videatur,
1123 803 1192 836 tot
1233 802 1481 854 tantosque
1518 787 1618 835 Cri-

185 871 301 918 ticos
362 871 410 916 in
469 888 520 916 ea
583 870 885 934 acquievisse.v
983 859 1207 934 Namque
1266 869 1385 916 haec
1443 869 1615 933 Lipsii:

127 942 130 952 i
187 950 386 1012 „Obiit‚
426 950 488 996 ait
523 949 819 1012 (Velleius),
868 950 1062 996 unicum
1099 951 1272 1015 pignus
1307 969 1340 997 s.
1376 950 1619 998 vinculum

188 1030 468 1078 concordiae
491 1029 613 1075 male
645 1029 736 1075 iam
760 1028 1023 1075 haerentis“
1061 1047 1217 1076 nonne
1248 1048 1299 1076 ea
1332 1030 1430 1095 ipsa
1467 1044 1619 1076 osten·
1686 1038 1689 1041 ’

189 1112 334 1170 dunt,
383 1111 603 1160 voculam
653 1113 755 1157 iam
810 1127 865 1156 ex
910 1109 999 1158 hac
1045 1110 1193 1176 Lipsii
1238 1111 1464 1158 sententia
1510 1111 1617 1158 satis

183 1193 344 1257 inepte
382 1191 583 1257 positam
634 1208 731 1237 esse
776 1204 881 1255 post
924 1193 1168 1252 medium,
1215 1210 1363 1255 quum
1401 1191 1617 1256 excipere

185 1273 400 1320 debuerit
433 1289 596 1319 vocem
634 1271 683 1317 in
717 1290 860 1336 quam
895 1271 1081 1336 Lipsius
1120 1272 1311 1332 incidit,
1350 1270 1516 1317 male?
1558 1302 1615 1308 --

182 1353 452 1418 Lipsianam
495 1352 770 1398 sententiani
824 1351 886 1397 ita
945 1370 1249 1416 expressurus
1299 1353 1457 1398 fuisset
1504 1352 1613 1399 Vel-

183 1434 326 1480 leius:
385 1432 594 1496 Septimo
644 1433 788 1478 ferme
846 1437 971 1478 anno
1025 1431 1192 1478 Caesar
1245 1434 1514 1479 morabatur
1566 1432 1615 1478 in

186 1513 367 1568 Galliis,
403 1532 511 1559 cum
549 1511 760 1558 medium
799 1529 854 1557 ex
889 1511 1062 1559 invidia
1092 1512 1328 1575 potentiae
1363 1514 1485 1558 male
1519 1512 1614 1558 iam

185 1593 478 1642 cohaerentis
508 1593 625 1640 inter
660 1592 746 1639 Cn.
775 1592 1055 1656 Pompeium
1085 1607 1130 1639 et
1151 1592 1201 1638 C.
1224 1592 1471 1639 Caesarem
1504 1609 1616 1639 con-

185 1674 374 1722 cordiae
412 1675 583 1738 pignus
615 1673 738 1725 Julia
773 1690 890 1719 uxor
928 1672 1090 1736 Magni
1129 1672 1337 1719 decessit.

316 1776 505 1825 Deinde
550 1775 667 1823 mihi
712 1775 905 1840 quidem
952 1775 1080 1823 vocis
1122 1777 1365 1822 Camillae
1400 1775 1448 1821 in
1482 1777 1613 1822 male

185 1858 445 1906 decurtatio
489 1855 738 1904 violentior
769 1872 865 1901 esse
899 1853 1107 1915 videtur,
1158 1873 1300 1920 quam
1341 1872 1461 1919 quae
1498 1854 1614 1901 ferri

183 1939 342 2004 possit.

316 2040 498 2097 Quibus
542 2037 601 2084 de
650 2037 818 2084 caussis
865 2036 1086 2104 equidem
1131 2036 1358 2085 adiectivo
1402 2038 1474 2085 illi
1515 2056 1614 2084 me-

185 2125 322 2171 dium
360 2121 500 2167 aliam
539 2133 678 2183 atque
713 2119 951 2186 yulgarem
1001 2117 1096 2165 vim
1142 2117 1357 2164 attribuo.
1441 2116 1613 2182 Neque

183 2203 311 2251 enim
352 2214 418 2248 est
453 2200 481 2247 i.
525 2218 566 2263 q.
604 2198 932 2258 intermedius,
974 2198 1021 2244 in
1069 2197 1225 2245 medio
1274 2199 1480 2263 positus,
1529 2197 1612 2245 sed

181 2283 405 2347 significat
451 2299 484 2327 s.
527 2297 728 2345 ωηερε,
784 2297 816 2326 s.
860 2278 1123 2325 mediocris.
1239 2278 1423 2325 Eodem
1473 2295 1613 2324 sensu

182 2364 317 2410 etiam
377 2360 531 2408 media
584 2361 864 2408 libertorum
921 2358 1038 2405 fides
1104 2373 1293 2406 notatur
1346 2377 1370 2405 a
1425 2359 1610 2407 Velleio

183 2462 282 2507 cap.
306 2444 379 2503 67.
452 2442 517 2488 Ita
550 2440 841 2490 vides-verba
870 2439 1109 2504 sequentia
1141 2459 1198 2486 ex
1221 2441 1415 2486 invidia
1435 2448 1615 2501 poten-

180 2525 282 2569 tiae
312 2522 384 2569 illi
420 2523 638 2568 medium
677 2520 954 2584 explicando
989 2520 1227 2568 inservire.

310 2636 441 2694 Quid
479 2651 637 2684 autem
682 2655 874 2701 agamus
911 2655 1020 2685 cum
1065 2637 1152 2684 illo
1186 2636 1446 2700 scripturae
1479 2650 1615 2681 mon-

176 2734 274 2767 stro
321 2717 604 2765 Camiliae?
671 2717 884 2764 Fortasse
934 2717 1053 2764 nihi-l·
1091 2716 1222 2765 aliud
1260 2715 1520 2782 legendum
1549 2726 1616 2761 est

1704 1812 1715 1835 τ
1705 1702 1714 1803 *u—,J
1706 1564 1715 1677 >c-——›2„
1707 1488 1714 1555 0...-
