1715 3117
1385 204 1466 252 141

600 326 706 390 l'ag.
732 335 800 377 57.
834 345 874 375 v.
897 335 935 378 1.

189 412 249 473 Il,
276 416 351 460 55.
383 430 418 461 ι.
465 415 517 460 in
548 416 791 460 altissimo
819 415 1102 479 luminavit]
1140 417 1166 464 i.
1191 433 1228 462 e.
1261 417 1474 463 virtutem

64 492 254 540 Catonis
288 494 335 539 iu
375 492 600 540 altissimo
639 493 770 557 quasi
811 495 919 540 loco
953 506 1147 540 stantem
1186 496 1475 557 illuminavit,

63 571 226 619 lumen
268 572 309 618 ei
345 571 525 618 offudit.
604 571 735 618 Nihil
771 573 1047 619 mutandum
1078 572 1305 621 duxerim.

598 666 793 730 Pag.57.
829 685 870 713 v.
894 674 932 716 5.

193 749 266 810 II,
299 752 372 797 55.
402 752 444 800 5.
489 750 642 814 nota]
720 750 894 796 Adhuc
950 752 1035 797 sub
1093 750 1245 798 iudice
1299 751 1352 797 lis
1400 766 1479 807 cst,

0 843 1 889 ζ
67 829 236 876 Οι·ε]Ιίἰ
278 830 400 875 enim
443 831 563 876 coni.
612 838 725 876 voto
773 829 887 876 mihi
926 829 1139 876 antithesi
1172 834 1298 893 {quae
1338 832 1477 876 verbo

0 898 1 910 ἶ
65 911 251 955 inierat
279 908 542 956 inveniatur
573 926 755 956 necesse
793 923 858 955 est
891 926 987 955 nou
1024 908 1207 957 videtur
1243 908 1476 956 satisdare.

617 1003 719 1066 Pag.
741 1011 806 1052 58.
846 1021 886 1049 v.
913 1010 951 1053 5.

198 1086 260 1146 II,
284 1089 359 1133 36.
391 1104 430 1133 2.
472 1087 713 1151 saneque]
788 1086 1048 1132 Praemissis
1085 1085 1325 1132 Ciceronis
1361 1085 1482 1131 Hor-

66 1165 291 1228 tensiique
337 1167 632 1226 nominibus,
675 1166 847 1212 nemini
883 1183 979 1211 nou
1012 1166 1162 1211 statim
1200 1165 1243 1210 in
1282 1179 1482 1210 luentem

67 1245 384 1301 venientibus,
436 1245 542 1291 satis
584 1259 688 1309 apte
720 1246 953 1291 vocabulo
992 1263 1209 1307 saneque
1253 1245 1308 1289 ab
1350 1245 1483 1291 initio

67 1324 220 1389 posito
256 1339 516 1389 sequuntur
566 1325 757 1371 nomina
799 1323 975 1383 Crassi,
1017 1324 1234 1382 Catonis,
1275 1323 1482 1386 Sulpicii.

70 1405 300 1467 Saneque
333 1420 486 1450 autem
525 1405 621 1450 fere
655 1404 910 1467 signifieat:
962 1402 1128 1467 Neque
1160 1417 1311 1448 tamen
1351 1402 1484 1448 omit-

66 1497 229 1531 tamus.
273 1483 366 1530 Cfr.
402 1483 700 1531 Velleianum
735 1484 870 1528 Sane
905 1499 1002 1527 non
1036 1484 1332 1543 ignoremus.
1377 1480 1483 1528 LII.

68 1580 111 1626 9.
151 1565 193 1610 6.

589 1643 701 1706 Pag.
726 1650 792 1692 59.
824 1660 864 1689 v.
889 1649 958 1692 26·

199 1726 263 1786 II,
289 1727 364 1772 58.
398 1743 434 1772 1.
478 1728 730 1788 stipendia
750 1735 911 1788 pacta
946 1728 1024 1771 sit.
1091 1724 1221 1771 Nihil
1245 1725 1482 1783 mutarim,

68 1821 213 1867 quum
275 1822 318 1851 v.
369 1804 539 1867 pacisci
588 1804 725 1851 etiam
776 1804 1003 1868 significet
1057 1804 1356 1866 promittere,
1407 1803 1486 1849 sti-

69 1885 235 1949 pulari.

595 1964 704 2027 Pag.
725 1972 793 2015 63.
831 1982 873 2014 v·
900 1973 966 2014 10.

201 2042 272 2098 II,
302 2046 377 2089 40.
405 2045 446 2089 5.
500 2043 688 2106 tamen]
783 2043 1005 2107 Displicet
1052 2042 1240 2105 quidem
1284 2043 1481 2105 volgata,

70 2139 224 2188 neque
248 2135 400 2168 tamen
423 2121 593 2168 arridet
617 2122 790 2169 Orellii
817 2124 1043 2178 tandem,
1073 2139 1272 2186 semper,
1296 2121 1483 2185 opinor,

70 2201 265 2249 iniuriae
311 2201 400 2247 sibi
446 2200 594 2246 illatae
651 2218 834 2247 memor
884 2201 972 2247 fuit
1015 2199 1257 2247 Lucullus.
1335 2199 1485 2246 Scrib.

70 2283 175 2330 fort.
217 2300 248 2328 s.
301 2289 418 2327 ante
465 2299 500 2328 s.
551 2282 680 2328 olim.
770 2279 952 2327 Tamen
1004 2279 1051 2325 in
1100 2277 1239 2328 codd.
1298 2293 1365 2325 est
1418 2288 1486 2337 tn,

72 2375 179 2409 ante
217 2376 312 2420 αγις
348 2361 508 2408 literae
549 2379 581 2406 a
612 2360 715 2407 abiit
752 2360 800 2406 in
838 2360 866 2407 Ι.
904 2373 933 2406 t.

612 2454 720 2518 Pag.
746 2459 813 2502 65.
847 2470 888 2499 v.
910 2459 951 2503 9.

199 2536 263 2597 II,
291 2539 366 2584 42.
393 2554 436 2599 9.
478 2539 608 2584 idem
657 2539 787 2583 enim
830 2553 939 2582 cum
973 2536 1100 2583 Asia
1146 2552 1257 2581 eam
1296 2549 1485 2596 quoque

75 2614 335 2662 obtinebat.
407 2615 654 2676 Ostendit,
685 2615 883 2680 opinor,
914 2613 1225 2661 Ruhnkenius
1264 2612 1323 2660 ad
1354 2615 1481 2657 242.

74 2694 111 2758 ᾗ.
140 2712 176 2741 1.
198 2711 237 2742 2.
278 2693 402 2744 hanc
447 2694 638 2761 quidem
674 2695 794 2742 coni.
828 2707 946 2741 stare
977 2710 1072 2740 non
1109 2707 1257 2755 posse.
