1715 3117
1401 210 1457 256 61

43 329 211 398 hac'in
243 345 292 376 re
327 346 425 377 non
457 328 659 394 amplius
689 329 948 393 cogitarim.
998 330 1464 401 ‘Circumspiciamus'

41 410 183 475 igitur
217 409 318 457 alia.

175 517 371 566 Constat
413 518 535 564 inter
583 534 771 578 ornnes,
822 517 888 565 M.
921 517 1168 566 Valerium
1217 520 1465 568 Messalam

45 598 307 648 Corvinum
349 598 524 644 librum
572 598 824 645 confecisse
874 597 932 644 de
977 598 1205 663 Progenie
1251 601 1463 664 Augusti.

44 678 212 742 Neque
252 693 407 726 tamen
445 677 644 742 amplius
690 689 829 724 exstat
865 678 981 725 liber
1016 679 1126 739 ille,
1175 680 1347 727 etenim
1386 683 1466 746 qui

0 770 4 805 1¹
44 759 188 824 vulgo
235 776 291 806 eo
326 758 517 806 nomine
551 758 723 817 fertur,
769 757 957 821 spurius
996 771 1063 804 est
1109 772 1153 804 et
1188 761 1464 825 suppositus.
1531 800 1533 802 ,

42 839 205 902 Itaque
238 839 432 886 fortasse
463 855 652 884 mecum
687 836 945 900 legendum
978 837 1220 885 coniicies:

186 934 426 989 „etiamsi
445 934 719 996 praevenit
756 933 973 992 (πίναξι

46 1024 179 1082 Quae
213 1025 306 1074 hoc
341 1044 479 1073 sensu
514 1026 637 1074 dicta
671 1040 910 1092 putamus:

187 1121 320 1177 „De
360 1122 553 1182 origine
595 1121 816 1183 Augusti
851 1124 1052 1168 tametsi
1074 1125 1308 1183 fortasse
1353 1131 1469 1168 acta

190 1202 354 1245 acturi
395 1202 572 1260 simas,
626 1218 775 1263 quum
815 1219 904 1247 nos
936 1203 1033 1247 lzac
1069 1203 1120 1246 in
1164 1219 1219 1246 re
1251 1219 1467 1263 praeve-

188 1282 320 1325 nerit
367 1281 593 1326 Messala
644 1282 890 1327 Corvinus
944 1282 1009 1341 (s.
1047 1280 1165 1327 alius
1209 1281 1468 1344 quispiam)

184 1362 363 1422 paucis
394 1370 561 1407 tamen
596 1368 952 1423 exponemus*ss

48 1452 181 1509 Quae
217 1471 366 1518 quum
394 1455 539 1501 literis
571 1454 892 1515 mandassem,
920 1455 1015 1501 iam
1057 1471 1207 1519 prope
1232 1453 1366 1500 dolui
1395 1471 1469 1500 me

46 1550 141 1580 non
188 1533 342 1598 primo
368 1535 544 1599 potius
590 1535 698 1582 loco
778 1535 951 1583 osuisse
1001 1535 1192 1581 alteram
1240 1551 1377 1596 quam
1424 1547 1470 1580 et

47 1612 198 1678 ipsam
233 1613 338 1677 cepi
373 1614 702 1661 coniecturam.
743 1553 960 1662 §henim
991 1614 1119 1661 haud
1150 1614 1245 1661 scio
1281 1632 1339 1660 au
1375 1617 1470 1660 uon

48 1692 194 1756 magis
226 1693 365 1739 etiam
399 1694 645 1741 Velleiana
676 1694 768 1741 sint
801 1693 940 1742 haec:

194 1823 223 1847 „
242 1788 394 1833 Cuius
424 1791 485 1834 de
508 1790 715 1850 origine,
746 1789 945 1834 etiamsi
960 1793 1302 1846 praeteriit
1319 1793 1468 1843 ipse,

183 1883 358 1929 pauca
396 1869 609 1913 dicenda
637 1869 803 1914 ..sunt.“

51 1958 183 2014 Quae
213 1959 253 2005 si
286 1976 445 2006 revera
464 1959 637 2006 Velleii
657 1972 777 2020 sunt,
817 1959 1031 2006 nituntur
1056 1957 1128 2005 his
1151 1957 1361 2005 Suetonii
1377 1959 1469 2013 ²4):

51 2040 202 2100 „Ipse
248 2039 506 2100 Augustus
549 2042 681 2086 nilzil
710 2043 925 2102 amplius
970 2056 1110 2104 quam
1160 2037 1363 2102 equestri
1404 2038 1470 2083 fa-

50 2118 220 2179 „milia
269 2132 425 2164 ortum
467 2136 514 2165 se
561 2120 732 2165 scribit
768 2132 923 2166 vetere
966 2138 1019 2165 ac
1063 2119 1296 2182 locuplete
1336 2130 1379 2164 et
1421 2118 1470 2164 in

48 2217 183 2263 „qua
211 2199 394 2262 primus
430 2213 612 2246 senator
652 2214 785 2264 pater
823 2217 933 2246 suus
963 2199 1146 2245 fuerit.“
1228 2199 1469 2262 Augustus

51 2278 178 2324 enim
219 2277 347 2324 haud
392 2277 527 2325 dubie
579 2280 715 2326 certis
758 2274 816 2326 de
862 2279 1009 2326 causis
1053 2290 1243 2343 propter
1284 2278 1469 2342 generis

51 2376 143 2423 qua
186 2371 302 2405 esset
347 2359 701 2420 obscuritatem,
745 2372 839 2406 tam
881 2378 1029 2424 pauca
1064 2358 1122 2406 de
1166 2357 1343 2421 origine
1387 2375 1468 2404 sua

49 2438 210 2484 iecisse
250 2437 484 2502 putandus
522 2453 632 2486 erat.
724 2439 886 2503 Itaque
932 2437 1112 2486 offendi
1153 2438 1346 2484 fortasse
1383 2455 1466 2502 po-

49 2518 138 2563 tuit
184 2517 423 2574 Tiberius,
479 2535 627 2580 quum
674 2517 804 2583 quod
858 2532 989 2583 pater
1044 2519 1142 2565 eius
1180 2516 1468 2565 abscondere

49 2596 296 2657 voluisset,
347 2597 395 2644 in
447 2597 600 2645 lucem
637 2597 1038 2663 protraherentur.
1125 2596 1294 2660 Neque
1342 2595 1466 2642 enim

105 2730 175 2782 24)
199 2735 290 2769 Vide
316 2730 418 2771 Jam'
440 2730 651 2784 Rutqersii
673 2737 843 2772 lectione·
874 2736 995 2772 varin
1022 2736 1068 2771 nd
1096 2736 1246 2770 Gustu.
