1715 3117
215 202 276 246 52

573 412 902 474 cuttu·
948 409 1292 470 xxxlv.

646 520 735 556 ven.
751 520 798 564 11,
819 517 876 554 53.
907 530 942 564 p.
962 516 1009 553 76
1033 519 1086 554 ed.
1105 518 1213 554 Oreu.
1682 549 1683 552 ,

1702 579 1707 598 l

327 653 357 673 ,,
368 622 459 665 Sed
491 624 579 677 quis
613 623 655 661 in
690 621 874 661 adversis
901 618 1180 670 beneficiorum
1210 626 1349 659 servat
1385 618 1647 659 memoriam?
1684 611 1685 615 ¹

219 701 291 735 aut
315 694 402 747 quis
426 691 549 731 ullam
572 690 821 730 calamitosis
844 686 988 728 deberi
1005 694 1131 740 putat
1151 688 1362 740 qratiam?
1395 695 1468 727 aut
1484 687 1644 741 quando

218 763 386 813 fortuna
407 774 487 801 non
508 764 640 799 mutat
660 758 782 809 fidem
792 757 839 796 ?“
894 762 960 796 Ed.
987 773 1040 806 pr.
1067 772 1101 805 p.
1119 763 1182 798 35.

876 855 995 868 E=-——-

225 925 377 1016 Quid
411 946 486 993 alii
525 944 748 1003 sentiant,
795 943 981 1002 nescio,
1029 941 1148 990 mihi
1180 945 1313 990 locus
1355 942 1488 989 hicce
1527 959 1646 988 sem·
1688 948 1691 994 ἶ

222 1045 308 1091 per
362 1023 646 1072 intolerabili
698 1015 1043 1088 περιττολογίᾳ,
1109 1024 1324 1069 laborare
1382 1023 1504 1070 visus
1565 1035 1644 1069 est.

223 1106 398 1154 Nullus
441 1104 634 1164 dubito,
693 1102 806 1167 quin
855 1116 977 1150 recte
1016 1103 1095 1150 hic
1134 1102 1402 1149 coenobitae
1452 1101 1645 1148 alicuius

223 1185 461 1249 ingenium
497 1180 769 1230 subodorer.
842 1180 954 1228 Non
990 1180 1269 1247 temperavit
1298 1180 1384 1226 sibi
1413 1180 1647 1240 librarius,

224 1260 335 1327 quini
390 1279 506 1327 quae
560 1260 903 1307 monachorum
955 1279 1086 1308 more
1138 1261 1410 1308 memoriter
1462 1260 1650 1306 tenebat

222 1342 499 1408 proverbia,
553 1358 720 1387 eorum
765 1358 917 1387 unum
977 1340 1278 1405 depromtum
1323 1340 1527 1404 margini
1570 1358 1649 1404 ap-

223 1422 452 1486 pingeret.
538 1419 758 1467 Tertium
813 1420 940 1466 enim
988 1419 1173 1484 periodi
1219 1422 1489 1467 membrum
1538 1436 1646 1483 pro·
1694 1405 1710 1483 :¹

225 1501 371 1549 verbii
399 1501 507 1548 loco
537 1517 646 1560 esse,
685 1517 838 1561 nemo,
869 1500 1054 1565 opinor,
1090 1500 1171 1565 qui
1206 1514 1341 1564 neget
1374 1500 1645 1565 reperietur.
1694 1489 1697 1526 ξ

227 1564 360 1627 Duae
421 1578 611 1642 quidem
667 1578 895 1626 eiusmodi
948 1579 1342 1644 interrogationes
1406 1578 1648 1627 interdum
1695 1567 1697 1583 ⁴

229 1660 465 1722 leguntur,
505 1657 666 1719 tertia,
706 1657 850 1722 qualis
883 1657 963 1706 hic
996 1669 1090 1719 est,
1131 1659 1378 1723 redundat.

608 1917 937 1977 οΔΡυ-ι·
984 1891 1277 1978 xxixv.

675 2029 821 2073 Ve11.11‚
839 2028 893 2064 54.
910 2042 945 2077 p.
954 2028 1012 2067 77.
1030 2032 1084 2067 ed.
1095 2032 1206 2068 Orell.

343 2142 474 2192 „Non
497 2143 579 2193 fuit
607 2136 662 2187 ἧῖ
688 2147 817 2186 maior
856 2147 897 2184 in
941 2144 1158 2186 Caesarem
1192 2159 1310 2200 quam
1343 2148 1384 2186 in
1416 2144 1653 2198 Pompeium

232 2212 261 2263 f
263 2220 381 2251 uerat
390 2241 404 2260 ,
444 2215 553 2266 reqis
586 2228 819 2267 eorumque,
863 2228 1026 2268 quorum
1065 2217 1100 2254 is
1144 2216 1392 2255 auctoritate
1435 2213 1654 2267 reqebatur

236 2280 383 2328 fides-‘⁶
437 2285 502 2318 Ed.
530 2298 582 2330 pr.
610 2299 643 2331 p.
666 2288 729 2324 35.

868 2365 1033 2379 ξ

241 2440 427 2512 Refert
461 2466 681 2513 Burerius
716 2469 764 2514 in
801 2468 904 2515 cod.
945 2469 1103 2516 Murb.
1139 2469 1419 2517 vocabulum
1453 2484 1550 2514 non
1587 2467 1653 2514 sic

241 2544 396 2591 scribi:
437 2545 513 2591 n—o.
589 2546 733 2602 Quod
780 2547 965 2611 signum
998 2548 1045 2595 h.
1083 2549 1113 2594 l.
1149 2550 1400 2595 confusum
1434 2560 1652 2611 putamus

244 2641 353 2670 cum
387 2640 441 2671 eo
464 2642 560 2689 quo
582 2625 816 2673 indicatur
844 2626 1118 2675 adverbium
1139 2646 1282 2688 nunc,
1319 2628 1544 2674 nimirum
1575 2623 1650 2676 ἦῖ.

241 2701 310 2748 Ita
350 2717 395 2749 et
438 2704 630 2751 librario
671 2717 715 2751 et
757 2706 842 2768 ipsi
894 2706 989 2754 loci
1030 2708 1281 2755 sententiae
1328 2707 1656 2768 satisfacimus;
