1715 3117
187 206 252 254 88

191 332 260 378 At
306 349 488 395 nequeo
533 333 650 380 mihi
691 345 975 400 temperare,
1048 336 1159 398 quin
1201 349 1248 380 et
1296 335 1493 383 verbum
1534 333 1615 380 ad-

192 409 303 456 dam
345 410 403 456 de
448 410 534 457 illo
573 410 778 476 Coponii
827 411 980 474 diem,
1041 411 1170 476 quod
1211 413 1312 460 aliis
1361 414 1472 461 VV.
1506 414 1614 461 DD.

191 490 367 553 leporis
403 490 627 554 plenum,
673 482 858 541 Orellio
900 491 1234 556 corrigendum
1269 492 1464 540 videtur.
1508 492 1617 541 Mea

191 567 383 633 quidem
427 571 652 632 opinione
706 572 972 636 Coponius,
1031 573 1080 619 in
1129 571 1360 619 Plancum
1416 571 1615 619 nefanda

190 655 387 703 Antonii
431 654 602 719 flagitia
645 672 741 701 non
793 654 892 700 sine
934 653 1172 718 voluptate
1216 651 1468 717 multisque
1508 670 1617 698 cum

188 735 339 782 verbis
388 748 712 798 exsequentem
752 732 856 780 satis
891 750 1044 780 amare
1087 732 1203 778 haec
1238 731 1396 778 iecisse
1427 731 1614 779 dicitur:

160 798 163 810 l
187 814 372 879 „Atqui
410 814 642 861 Antonius
685 831 796 876 ergo
839 813 988 859 multa
1036 822 1196 859 tecum
1235 812 1483 865 commisit?
1507 812 1617 858 faci-

189 894 324 940 nora!
363 893 552 957 egregio
589 907 641 938 tu
673 892 948 955 priusquam
978 890 1037 938 ad
1073 909 1158 938 uos
1191 890 1616 939 rediressodalitio

185 990 296 1021 usus
355 990 413 1019 es.
430 975 460 1000 (ί
585 970 867 1018 Offendehat
931 971 980 1016 ni
1046 971 1197 1017 fallor
1260 970 1616 1019 subtilissimum

188 1051 353 1098 Orellii
379 1051 611 1099 iudicium
631 1051 681 1098 in
706 1052 851 1099 verbo
887 1050 1088 1112 „pridie
1127 1052 1326 1112 qmmzff
1361 1050 1492 1115 quod
1512 1069 1616 1100 ver-

184 1131 301 1177 bum
328 1130 375 1177 h.
396 1132 428 1178 l.
457 1149 555 1178 non
590 1131 620 1177 i.
646 1142 712 1177 est
735 1147 778 1192 q.
813 1128 964 1193 pridie
997 1129 1093 1175 eius
1118 1128 1210 1175 diei
1241 1147 1277 1176 s·
1310 1130 1394 1177 illo
1430 1129 1505 1178 die
1536 1133 1618 1197 qui

186 1212 437 1276 praecessit
466 1211 509 1258 ei
547 1229 639 1274 quo
673 1222 728 1278 tu
761 1210 894 1256 illum
925 1208 1232 1274 relinqueres,
1264 1208 1347 1256 sed
1374 1215 1432 1246 ³—
1469 1211 1614 1283 signi-

187 1293 333 1338 ficatu
360 1292 552 1338 fortasse
574 1288 877 1337 *inusitatiore
901 1319 967 1326 -—
994 1290 1138 1338 valet:
1174 1303 1280 1336 ante
1311 1308 1347 1338 s.
1375 1307 1524 1355 usque
1552 1290 1615 1338 ad

186 1387 295 1417 eum
325 1370 452 1418 diem
479 1388 644 1433 quam3
670 1384 833 1433 aequat
847 1370 1194 1435 propemodum
1215 1369 1439 1419 adverbio
1448 1372 1614 1432 prius-

144 1476 146 1484 =
186 1468 349 1512 qaam.
418 1450 678 1499 Verterim:
712 1449 771 1497 Ja
800 1449 1097 1514 wahrhaftig‚
1128 1451 1369 1498 Antonius
1391 1449 1471 1496 hat
1491 1450 1636 1498 viele*

164 1528 396 1595 ¹Streiche
437 1528 673 1592 gemacht,
713 1528 783 1575 eh’
813 1529 900 1586 (bis
930 1529 1015 1575 auf
1036 1528 1126 1575 den
1154 1528 1375 1594 lieutigen
1401 1529 1506 1595 Tag
1535 1530 1612 1592 da)

188 1611 257 1654 da
288 1608 372 1654 ihn
408 1609 637 1655 verlassen
669 1607 836 1654 hast!“
859 1636 922 1644 --
960 1608 1121 1655 Falsus
1157 1621 1223 1656 est
1252 1609 1466 1657 Goettius
1501 1628 1611 1675 pro-

185 1686 298 1733 dens
339 1687 481 1734 haec:
548 1685 650 1748 „Ja
687 1686 969 1751 wahrhaftig
1007 1685 1093 1733 der
1134 1687 1365 1735 Antonius
1407 1688 1488 1736 hat
1525 1708 1610 1754 gar

184 1767 304 1815 viele
331 1767 488 1831 Dinge
524 1770 620 1813 den
655 1767 767 1829 Tag
799 1783 980 1828 zavor,
1014 1769 1104 1813 elce
1137 1765 1199 1813 du
1235 1767 1318 1815 ihn
1343 1768 1610 1831 verliessest‚

164 1858 165 1863 ’
188 1848 403 1894 verubt.“

313 1926 466 1973 Pridie
490 1928 633 1992 igitur
670 1928 716 1975 h.
742 1929 774 1975 l.
806 1928 991 1992 longius
1014 1941 1198 1994 tempus
1221 1928 1449 1993 significat
1469 1948 1609 1994 quam

184 2006 540 2070 praecedentem
570 2006 721 2068 diem3
758 2008 888 2056 cuius
919 2008 983 2054 rei
1009 2010 1218 2072 quamvis
1245 2028 1398 2056 unum
1427 2023 1608 2056 tanturn

184 2085 526 2133 documentum
573 2087 716 2152 idque
762 2105 817 2133 ex
853 2087 1055 2151 Digestis
1102 2089 1351 2153 repetitum
1399 2083 1610 2154 proferat

184 2163 504 2225 Fon-caltinus,
574 2180 726 2212 tamen
778 2166 896 2212 illud
957 2167 1166 2230 accipio,
1237 2187 1384 2232 quum
1426 2169 1605 2216 Velleio

184 2243 444 2291 Latinitatis
488 2248 646 2310 paullo
681 2248 868 2293 latiores
903 2249 1017 2294 fines
1061 2248 1385 2295 concedendas
1423 2248 1606 2296 ducam.

321 2340 442 2387 Dico
486 2354 639 2388 autem
684 2342 798 2388 haec
844 2341 1064 2387 Martiani
1108 2341 1217 2405 Dig.
1265 2342 1345 2389 lib.
1374 2352 1447 2389 40.
1491 2344 1603 2390 tit.5

185 2420 273 2481 leg.
306 2437 361 2465 10
401 2434 536 2467 extu:
593 2422 732 2481 „Qui
772 2421 923 2486 pridie
959 2439 1101 2485 quam
1132 2439 1187 2468 ex
1230 2433 1502 2469 testamento
1546 2421 1607 2468 ad

188 2499 449 2544 libertatem
489 2500 781 2561 perveniret,
821 2499 948 2545 idem
983 2501 1087 2546 fieri
1122 2518 1279 2563 passus
1311 2514 1378 2546 est
1410 2501 1438 2546 i.
1470 2518 1505 2546 e.
1539 2529 1605 2535 ——

182 2593 233 2624 ut
256 2578 509 2626 Forcclliui
546 2579 698 2625 verbis
729 2593 829 2626 utar
857 2608 923 2616 -—
958 2595 1209 2645 autequam
1241 2580 1518 2645 perveniret.
1563 2593 1567 2597 ’
