1715 3117
189 202 255 251 24

339 332 527 392 „perio
537 363 552 386 ,
605 347 702 393 quo
733 329 940 393 priores
972 331 1046 376 ad
1081 330 1439 376 vindicandum
1472 330 1630 374 maxi-

339 412 485 467 „mis
530 412 773 473 periculis
816 411 1065 473 populum
1123 426 1322 471 semper
1379 410 1498 455 olim
1552 410 1631 455 usi
1702 430 1703 433 ¹

340 524 373 546 „
390 500 560 547 erant,
614 509 671 537 eo
720 492 994 537 immodica
1037 499 1087 536 et
1130 491 1427 536 crudelitate
1476 498 1526 535 et
1572 490 1629 535 li-

295 599 300 603 ·
339 573 553 626 „centia
592 588 711 618 usus
750 577 878 617 ρπβ(

649 839 999 897 ΟΔΡῙῙΤ.
1034 839 1164 897 xl.

625 948 714 983 Vell.
736 949 784 991 II,
808 946 865 981 30.
889 945 913 980 4
935 959 969 994 p.
981 945 1061 981 173.
1085 948 1138 982 ed.
1163 948 1205 982 R.

298 1040 429 1088 „Hoc
460 1040 673 1080 consulatu
702 1039 925 1094 Pompeius
962 1040 1214 1080 tribunitiam
1240 1046 1490 1092 potestatem
1516 1040 1632 1079 resti-

189 1109 292 1156 tuit,
318 1111 430 1149 cuim
456 1108 578 1149 Sulla
605 1111 822 1163 imaqz'nem
851 1112 893 1149 in
916 1112 1005 1149 iure
1028 1109 1298 1162 reliquerat.“
1349 1113 1414 1147 Ed.
1441 1124 1494 1157 pr.
1520 1114 1632 1157 p.25.

175 1262 449 1357 ¹[)nmium
484 1290 583 1336 fere
617 1289 935 1353 interpretum
962 1290 1185 1353 plausum
1216 1287 1319 1334 tulit
1351 1287 1519 1336 Editor
1541 1289 1632 1336 Ba-

191 1367 414 1429 silemsis,
448 1387 541 1433 pro
573 1370 816 1417 vocabulis
852 1372 904 1416 in
936 1372 1044 1415 iare
1073 1381 1382 1428 commentus,
1422 1368 1552 1432 quod
1588 1381 1633 1415 et

191 1448 250 1495 R.
289 1450 486 1513 recepit:
527 1451 632 1496 sine
669 1469 738 1496 re.
816 1448 881 1496 At
918 1450 1045 1496 enim
1079 1449 1197 1496 mihi
1226 1449 1424 1513 propius
1457 1448 1515 1496 ad
1551 1467 1631 1518 an-=

189 1529 306 1591 tiqui
342 1529 521 1577 codicis
557 1530 749 1593 vestigia
796 1529 1020 1577 accedere
1057 1529 1242 1578 videtur
1283 1530 1438 1577 lectio:
1492 1532 1632 1576 caius

188 1610 461 1671 imaginem
485 1619 739 1659 inanem
759 1613 1050 1674 reliquerat.
1115 1609 1331 1670 Accedit,
1362 1609 1491 1674 quod
1511 1610 1633 1658 illud

192 1691 245 1736 in
276 1693 385 1736 iare
416 1691 464 1737 in
490 1709 561 1752 eo,
591 1709 731 1754 quem
767 1691 1108 1752 Murbacensis,
1143 1692 1362 1739 librarius
1387 1690 1634 1756 descripsit

193 1771 471 1834 exemplari,
547 1772 614 1819 sic
673 1772 769 1818 sine
819 1771 965 1819 dubio
1017 1771 1164 1819 literis
1216 1784 1455 1818 exaratum
1513 1783 1632 1818 erat:

193 1852 352 1912 initae,
401 1844 533 1914 quod
565 1851 720 1911 vides,
761 1870 906 1914 quam
944 1853 1079 1899 facile
1120 1870 1177 1898 ex
1211 1855 1361 1898 inane
1396 1851 1511 1898 oriri
1544 1869 1632 1916 po-

189 1931 332 1977 tuerit
370 1930 566 1979 distorta
595 1933 873 1995 praesertim
902 1933 1061 1980 literae
1097 1951 1130 1978 a
1163 1933 1408 1996 scriptura.

310 2043 484 2092 Nostra
514 2058 671 2092 autem
706 2045 934 2093 correctio
966 2045 1127 2094 Ovidii
1155 2046 1429 2092 auctoritate
1457 2044 1632 2092 nititur.

193 2121 393 2170 Evolvas
413 2124 538 2170 enim
562 2123 761 2186 Fast.V‚
797 2127 959 2173 v.465.
1030 2125 1091 2172 Et
1128 2125 1229 2188 quis
1262 2138 1350 2187 est,
1390 2126 1470 2188 qui
1496 2125 1631 2189 igno-

194 2213 265 2249 ret
298 2203 621 2268 Virgilianum
658 2203 801 2251 illud:

342 2300 476 2353 „Sic
507 2300 583 2344 ait
631 2308 785 2361 atque
820 2302 985 2346 oculos
1020 2302 1231 2362 pictura
1256 2302 1425 2362 pascit
1459 2302 1632 2347 inani!
