1715 3117
1417 218 1476 263 47

442 455 773 518 CAPUT
826 454 1093 516 8818.

494 567 581 601 vell.
602 566 650 610 Π,
679 564 734 599 30.
756 578 789 611 p,
811 565 856 598 52
876 565 928 600 ed.
941 565 1050 599 Orell-

164 658 326 707 „Huz‘us
350 662 516 713 patrati
543 659 679 709 qloria
700 673 830 712 penes
857 657 917 698 M.
954 656 1142 698 Crassum
1162 658 1267 708 fuit,
1299 673 1397 699 mox
1422 662 1488 700 rei

54 728 106 768 P.
137 731 289 769 omnis<
343 733 506 777 Exempl.
539 733 757 766 Amerbach.

53 885 217 956 Forte
269 907 592 955 scribendum:
651 925 768 954 mox·
816 910 940 967 reip.
989 924 1085 967 per
1131 909 1299 953 omnia
1341 910 1484 969 prin-

0 993 1 997 ’
54 992 244 1050 cipem;
291 989 407 1037 sive:
459 1006 574 1035 mox
619 991 744 1049 reip.
798 990 956 1033 omnis
1005 990 1299 1048 principem.
1388 988 1484 1036 Sed

53 1068 175 1116 illud
221 1069 404 1129 malim,
461 1086 643 1116 memor
691 1069 912 1115 illorum:
973 1066 1187 1127 Crassus,
1244 1082 1296 1114 ut
1342 1085 1482 1131 quem

54 1148 374 1212 principatum
415 1149 540 1195 solus
584 1148 764 1211 assequi
807 1165 902 1194 non
950 1160 1161 1210 poterat,
1213 1149 1483 1196 auctoritate

52 1228 286 1292 Pompeii,
326 1229 496 1276 virtute
533 1242 578 1274 et
613 1229 788 1276 viribus
824 1240 1000 1274 teneret
1045 1226 1266 1274 Caesaris.
1338 1228 1482 1275 Unde

53 1310 265 1373 quamvis
310 1309 458 1356 invito
506 1308 689 1355 Orellio
734 1306 854 1354 illud
906 1306 1212 1354 efficiendum
1250 1307 1480 1370 duxerim,

54 1388 270 1436 Crassum
302 1389 469 1436 Velleii
502 1406 557 1435 ex
591 1388 819 1435 sententia
856 1405 1017 1451 reapse
1053 1388 1312 1453 phu-imum
1344 1403 1482 1453 potu-

50 1469 152 1516 isse.
224 1469 423 1516 Accedit
459 1468 590 1533 qnod
626 1469 802 1515 locutio
835 1486 929 1528 per
955 1471 1122 1514 omnia
1154 1468 1279 1515 idem
1310 1486 1480 1532 prope-

50 1548 249 1596 modum
285 1563 351 1596 est
381 1548 514 1615 quod
551 1549 599 1595 in
635 1549 909 1596 universum
945 1550 1204 1609 (nostrumz
1251 1551 1318 1594 im
1343 1550 1480 1594 Gan-

50 1632 186 1692 zen):
232 1630 343 1676 lenit
375 1630 602 1677 nimirum
637 1628 760 1676 dieta
798 1629 1013 1693 paullum
1050 1627 1387 1693 exaggeranda.

455 1875 789 1933 cAPtJT
846 1874 1079 1934 XXX.

480 1985 567 2019 Vell.
591 1984 639 2027 ΙΙ,
663 1981 719 2017 42.
743 1996 776 2029 p.
795 1982 851 2017 65.
877 1983 927 2017 ed.
940 1983 1046 2017 Orell.

157 2115 185 2133 „
194 2085 486 2138 Blandatisque
527 2085 738 2125 custodiae
783 2098 883 2138 quos
921 2091 1090 2137 ceperat
1102 2113 1115 2131 ,
1161 2085 1203 2122 in
1243 2081 1478 2136 Bithyniam

42 2156 237 2206 perrexit
265 2154 323 2193 ad
341 2155 619 2206 proconsulem
643 2152 814 2201 Iunium,
844 2162 932 2192 cum
958 2153 1065 2192 idem
1089 2153 1193 2191 enim
1216 2153 1357 2191 Asiam
1388 2166 1477 2191 eam

48 2236 167 2276 quam
195 2221 430 2270 obtinebat,
457 2230 616 2275 petens.
674 2228 739 2262 Ed.
766 2239 818 2271 pr.

51 2389 148 2457 Ne
185 2411 357 2470 multa,
399 2409 702 2456 scribendum
739 2410 974 2476 suspicor:

193 2505 547 2564 mandatisque
583 2506 861 2558 custodiae,
899 2520 1021 2565 quos
1052 2509 1276 2563 ceperat,
1315 2502 1366 2545 in
1386 2502 1474 2546 Bi-

194 2584 423 2641 thyniam
472 2584 703 2643 perrexit
739 2585 811 2629 acl
854 2584 1206 2645 proconsulem
1271 2582 1475 2626 Juniam

193 2664 574 2728 (reliquerat
610 2666 740 2711 enim
774 2665 956 2711 Asiam
991 2681 1128 2718 eam,
1169 2679 1320 2724 quam
1352 2661 1473 2706 ohti-

192 2744 381 2806 nebat)
407 2754 598 2806 petens.
