1715 3117
177 253 244 289 xn

181 364 412 425 Cononis,
454 366 503 411 in
541 363 731 412 aedibus
775 364 963 412 Ioannis
1001 361 1301 411 Amerbachii
1345 363 1588 412 correctio-

178 458 283 488 nem
329 439 554 486 librorum
613 442 840 505 gerentis,
897 440 1000 488 Viri
1057 442 1105 486 in
1161 438 1354 487 Graecis
1417 439 1591 486 Literis

180 516 573 576 exercitatissimi,
628 515 736 563 fidei
780 533 828 563 se
876 515 1149 575 tradidisse,
1200 522 1339 580 atque
1388 515 1592 562 aemulos

179 591 316 639 simul
362 590 587 638 bonarum
637 592 802 638 artium
851 590 1068 638 habuisse
1119 591 1415 651 Brunonem,
1460 590 1592 637 Basi-

178 668 293 714 Iium
332 674 377 714 et
414 665 717 729 Bonifacium
755 666 876 713 filios
912 667 979 715 Io.
1016 663 1366 714 Amerbachii.“
1428 666 1593 727 Vides,

178 743 387 790 Zeltneri
430 743 598 803 verba,
638 749 797 806 utpote
855 743 905 789 iu
961 744 1227 789 universum
1273 742 1452 806 posita,
1501 759 1595 788 non

180 817 495 866 contradicere
547 817 813 867 OrellianiS.
902 817 1028 864 Illud
1077 825 1230 865 autem
1287 810 1462 865 certum
1510 824 1595 878 est,

178 894 376 941 Beatum
415 894 627 941 Basileae
663 893 971 954 habitantem,
1011 893 1253 942 Bonifacio
1278 890 1595 940 Amerbachio

180 970 369 1017 Ioannis
417 970 537 1030 filio,
582 969 786 1017 codicem
836 968 1195 1017 Murbacensem
1242 968 1597 1016 describendum

181 1045 508 1093 concessisset>
566 1045 762 1092 Veniam
804 1046 949 1108 igitur
992 1045 1261 1108 impetrarat
1298 1062 1325 1090 a
1363 1043 1597 1092 monachis

182 1118 573 1170 Murbacensibus
613 1128 664 1167 ut
701 1120 779 1166 illo
818 1119 940 1165 domi
980 1138 1089 1167 suae
1127 1128 1347 1167 uteretur.

294 1224 453 1285 Quum
499 1230 687 1287 peracta
734 1224 823 1268 iam
872 1221 981 1268 libri
1028 1223 1327 1286 impressione
1373 1213 1598 1271 Burerius

184 1299 387 1348 codicem
416 1299 776 1347 Mur-bacensem
818 1315 845 1343 a
876 1293 1110 1344 Frobenio
1153 1301 1402 1362 acceperitz
1446 1301 1598 1363 sequi-

186 1384 375 1435 tur,‘et
407 1393 526 1422 anno
565 1373 732 1434 1516,
772 1390 864 1437 quo
908 1390 1027 1419 anno
1067 1371 1407 1421 Amerbachius
1448 1393 1598 1422 exem-

185 1452 315 1516 plum
353 1469 486 1499 suum
516 1451 737 1509 confecit,
779 1455 824 1495 et
861 1466 979 1494 anno
1020 1447 1161 1497 1520
1198 1450 1410 1497 Basileae
1455 1451 1598 1497 fuisse

185 1526 356 1573 librum
403 1544 486 1573 ms.
541 1525 918 1574 Murbacensem.
1033 1525 1131 1579 Iam
1191 1544 1298 1572 vero
1349 1529 1599 1590 quaeritur,

186 1609 341 1649 utrum
398 1601 679 1648 ‘Rhenanus
758 1597 1076 1648 Amerbachii'
1134 1601 1343 1666 exemplo
1419 1608 1599 1649 retento

187 1680 340 1742 ipsum
374 1677 577 1724 codicem
610 1675 888 1725 Murbacum
927 1678 1178 1738 remiserit3
1216 1695 1275 1723 an
1312 1685 1357 1724 et
1395 1678 1599 1725 codicem

190 1761 236 1800 et
257 1752 515 1816 exemplum
535 1752 650 1799 illud
685 1752 982 1816 „presserit.“
1058 1752 1273 1799 Rhenani
1312 1753 1452 1814 verba
1487 1769 1599 1817 quo-

190 1846 293 1875 rum
324 1830 602 1877 mentionem
639 1828 830 1874 fecimus
867 1827 1070 1874 codicem
1109 1830 1350 1876 remissum
1390 1847 1490 1877 esse
1530 1845 1601 1875 ar-

192 1912 340 1970 guunt
361 1903 426 1969 ²³).
487 1904 654 1969 Neque
676 1910 829 1950 tamen
859 1902 965 1949 inde
1000 1903 1157 1968 colligi
1188 1912 1364 1968 potest,
1406 1904 1601 1952 eundem

269 2054 305 2106 ⁸)
358 2059 397 2094 Si
421 2061 583 2095 confecto
616 2060 847 2094 Amerbachii
880 2061 1091 2106 apographo
1124 2062 1283 2097 codicem
1310 2063 1429 2107 ipsum
1455 2065 1604 2100 Murba-

354 2127 435 2149 cum
481 2116 671 2149 remissum
714 2126 791 2149 esse
832 2116 1042 2159 statuimus,
1088 2118 1244 2152 fortasse
1295 2119 1499 2154 coniectura
1547 2131 1604 2154 as-

356 2181 546 2215 sequamur
581 2171 667 2204 Iicet
702 2181 764 2204 cur
791 2170 893 2204 Libri
921 2171 1027 2216 primi
1063 2173 1183 2217 capita
1219 2177 1298 2207 octo
1334 2175 1452 2218 priora
1484 2175 1606 2208 absint

354 2225 391 2258 in
423 2225 540 2259 codice
568 2225 867 2260 Amerbachiano.
924 2227 1002 2260 vid.
1029 2227 1142 2263 orell.
1171 2229 1225 2262 ed.
1261 2230 1373 2273 praef.
1401 2230 1492 2263 VIII.
1541 2229 1605 2262 At-

358 2281 484 2313 tendas
516 2292 649 2325 quaeso
679 2282 725 2315 ad
754 2280 791 2314 id
815 2281 908 2325 quod
934 2291 956 2315 a
981 2282 1111 2316 mutila
1137 2284 1280 2327 periodo
1307 2284 1455 2328 incipiat
1480 2271 1605 2318 Ame'r-

356 2335 479 2369 bachii
510 2336 625 2370 liber:
666 2339 756 2369 nam*
793 2339 874 2369 ante
914 2347 1046 2370 nonum
1074 2342 1181 2382 caput
1213 2339 1343 2372 lacuna
1382 2342 1446 2372 cst.
1503 2339 1605 2372 Unde

359 2390 587 2433 conficimus,
629 2402 672 2424 ea
699 2402 788 2435 quae
817 2390 901 2424 huic
927 2402 1018 2425 nono
1053 2393 1162 2436 capiti
1187 2394 1402 2436 praecedunt
1432 2393 1606 2437 peculiari

357 2444 393 2478 in
430 2444 517 2478 folio
571 2446 773 2490 conscripta
815 2445 971 2490 primum
1009 2458 1077 2479 non
1118 2448 1252 2481 tradita
1298 2459 1374 2481 esse
1416 2449 1606 2491 Rhamma,

358 2503 481 2543 utpote
512 2501 667 2533 nondum
695 2501 850 2534 inventa.
907 2501 1074 2535 Fortasse
1101 2502 1256 2546 primum
1285 2503 1356 2536 alio
1386 2515 1466 2536 cum
1495 2503 1607 2546 scrip·
1651 2492 1654 2495 ’

358 2557 435 2587 tore
471 2556 596 2588 eodem
624 2556 805 2589 volumine
841 2557 1137 2600 comprehensum
1176 2558 1295 2590 fuerat
1325 2558 1499 2600 Velleius,
1538 2568 1607 2601 quo

358 2609 539 2642 volumine
582 2611 695 2643 denuo
732 2611 958 2654 pet-volutato
999 2616 1242 2656 cognoverunt
1287 2612 1472 2654 monachi,
1518 2612 1607 2645 illud

358 2674 497 2707 quoquc
536 2664 663 2697 solium
700 2666 744 2698 ad
778 2666 956 2699 Velleium
983 2666 1179 2710 pertinere,
1214 2667 1306 2700 unde
1343 2671 1466 2710 postca
1500 2678 1609 2710 quum

359 2718 489 2751 iterum
523 2719 699 2753 Rhenano
733 2719 886 2753 traditus
924 2724 1002 2755 est-
1022 2721 1151 2755 Velleii
1188 2722 1315 2763 codex,
1360 2721 1487 2755 solium
1519 2721 1610 2754 illud

362 2773 522 2807 additum
556 2784 634 2807 csse
668 2774 820 2808 videtur.
852 2794 900 2800 -—-
958 2776 1117 2810 Orellius
1143 2777 1236 2821 quod
1269 2776 1366 2810 vultt
1401 2776 1520 2821 capita
1544 2772 1612 2809 illa
