1715 3117
187 226 192 228 ’
207 226 237 269 2

174 378 240 385 ——
293 347 344 395 id
391 347 519 411 quod
577 346 852 394 Ruhnkenii
917 363 1030 412 pac-e
1095 344 1294 392 dixerim
1339 374 1404 382 —-
1446 361 1601 410 neque
1669 363 1671 365 ’

177 448 202 475 a
232 428 475 475 Velleiano
510 426 745 474 scribendi
781 444 948 490 genere
993 424 1224 473 abhorret.
1299 425 1465 473 Oratio
1489 424 1603 472 Vel-

176 510 327 556 leiana
384 525 480 554 non
533 524 636 553 raro
694 507 873 571 poetica
919 498 996 553 est.
1114 505 1159 551 A
1199 522 1373 553 vocum
1400 541 1413 565 ,
1462 519 1629 569 quam‘

176 589 420 636 Acidalius
450 587 631 652 primus
669 587 774 633 fieri
809 586 965 646 iussit,
1001 585 1273 632 traiectione
1307 599 1474 649 utpote
1508 585 1605 632 vio-

176 668 394 728 lentiori,
430 685 586 714 averso
616 685 774 712 sumus
815 666 986 712 animo.
1028 724 1030 731 y
1060 665 1281 712 Ceterum
1309 665 1606 711 Forcellinus

178 750 312 813 legit:
354 751 592 794 immersu
621 750 726 793 eius
755 766 846 795 ἂν.
915 746 1049 801 Quae
1086 764 1233 809 quum
1263 746 1607 810 proposuerim,

177 820 489 875 nih-il,'tamen
538 828 758 885 mirarer,
805 828 842 873 si
894 843 1034 889 quem
1071 826 1288 872 Labbeus
1330 840 1375 872 et
1420 826 1608 878 Merula

177 908 345 956 vidisse
380 907 603 953 dicuntur
640 905 881 965 codicem,
918 921 1027 950 eum
1062 904 1259 951 eandem
1292 915 1398 950 cum
1440 904 1510 950 ed.
1533 922 1605 968 pr.

177 989 429 1035 lectionem
472 987 700 1050 'praebere
746 983 1078 1032 inveniremus.
1168 982 1390 1048 Namque
1431 985 1469 1031 si
1507 1002 1609 1031 ver-

177 1070 295 1115 bum
335 1070 455 1114 sane
512 1066 572 1113 ad
620 1078 764 1113 totam
812 1063 993 1128 periodi
1040 1064 1320 1110 sententiam
1372 1064 1611 1112 trahamus

177 1147 309 1195 haud
341 1148 404 1194 ita
437 1148 692 1194 molestum
727 1147 826 1191 fore
859 1143 1057 1192 videtur.
1189 1197 1192 1201 ⁴

313 1232 380 1275 At
420 1245 479 1273 ne
528 1226 645 1292 quid
695 1225 867 1289 reliqui
909 1225 1106 1280 faciam,
1163 1225 1302 1270 etiam
1346 1225 1611 1271 versionem

180 1308 397 1355 lectionis
435 1324 566 1353 meae
601 1305 803 1352 adiicere
837 1305 986 1371 iuvat:
1033 1305 1298 1368 Kleopatra
1337 1306 1447 1351 aber
1477 1318 1612 1351 setzte

181 1389 281 1436 sich
313 1418 380 1425 -——
408 1386 570 1433 indem
600 1387 664 1432 sie
698 1385 802 1431 ihre
836 1384 1063 1433 VV'achteb
1097 1404 1155 1432 zu
1187 1384 1413 1432 t'auschen
1445 1383 1613 1434 wusste

183 1496 244 1504 --
282 1468 385 1514 eine
417 1466 583 1513 Natter
616 1485 700 1526 an,
724 1465 838 1512 'und
870 1467 1022 1525 starb,
1059 1466 1297 1529 gebissen,
1333 1482 1425 1512 von
1463 1465 1613 1512 ihrem

187 1547 362 1608 Gifte.“
447 1546 592 1602 Quod
630 1540 806 1592 Goettii
848 1547 1161 1592 cummaxime
1208 1563 1366 1592 caussa
1408 1546 1615 1610 ascripsi,

183 1627 496 1692 interpretati:
547 1626 690 1686 „Der
730 1625 991 1689 Kleopatra
1030 1626 1199 1690 gelang
1239 1643 1311 1687 es,
1359 1628 1464 1673 siclt
1509 1626 1625 1673 eine,

184 1707 353 1756 Natter
386 1708 592 1768 hringen
620 1722 682 1751 zu
716 1707 951 1765 lassen“3
991 1704 1122 1768 quod
1157 1718 1272 1752 esset
1305 1708 1482 1762 allata,
1517 1722 1615 1752 non

160 1816 161 1819 =
187 1791 333 1835 illata
367 1790 558 1851 aspide.

577 2028 902 2087 cAPU'I·
962 2027 1017 2086 1.
1032 2028 1230 2089 XIV.

615 2137 703 2172 Vell.
717 2137 765 2181 H,
781 2134 841 2171 88.
858 2134 892 2171 2.
915 2149 950 2182 p.
960 2134 1029 2173 107
1047 2137 1098 2172 ed.
1112 2137 1221 2172 Orell-

299 2267 329 2286 „
344 2238 502 2292 Quippe
529 2239 640 2278 vixit
669 2239 832 2291 unqu-§ti
859 2238 970 2278 clavi
996 2252 1105 2291 pene
1131 2242 1396 2279 contentus-‘⁶
1457 2241 1524 2277 Ed.
1564 2253 1621 2286 pr.

194 2322 229 2356 p.
259 2309 322 2348 49.

841 2396 983 2403 m

195 2469 492 2542 Genitivum
530 2494 713 2559 angusti
748 2494 866 2542 clavi
901 2495 956 2540 ab
998 2494 1217 2541 omnibus
1252 2494 1353 2540 fere
1375 2493 1620 2556 impugna-

190 2587 293 2622 tum
331 2591 418 2638 ego
463 2592 559 2622 non
597 2576 634 2621 is
674 2593 777 2620 sum
820 2574 904 2638 qui
945 2575 1076 2621 solus
1113 2574 1245 2625 tueri
1270 2589 1426 2622 coner.
1491 2572 1621 2636 Ergo

192 2652 311 2700 nihil
353 2671 544 2714 moror,
589 2653 626 2700 si
670 2655 791 2701 forte
835 2654 1133 2720 expellendus
1177 2654 1234 2700 sit
1253 2672 1275 2715 3,
1333 2653 1404 2700 sin
1446 2652 1619 2711 minus,

195 2733 385 2780 fortasse
417 2734 582 2782 fefellit
618 2734 865 2782 librarium
900 2735 1086 2799 signum
1108 2751 1221 2797 ppa
1249 2734 1280 2782 i.
1307 2750 1346 2781 e.
1370 2748 1618 2796 purpura.

1691 2630 1698 2871 ἱ

1692 3001 1701 3117 2
