1715 3117
1408 191 1466 236 97

16 310 175 364 ‘verat
209 313 517 375 vocabulum,
555 312 683 362 idem
715 324 874 376 postea
920 325 1156 374 repeteret.
1223 313 1319 360 Sed
1356 315 1467 361 scri-

42 392 258 442 bendum
293 406 411 440 erat:

185 482 402 529 „vetere
447 474 702 521 consulum
739 487 877 518 more
918 466 979 516 αἱ)
1012 474 1314 520 sanctitate
1353 490 1464 534 ges-

187 553 386 599 sisset.“

41 630 223 680 Vocab.
258 633 434 678 scitate
468 631 718 678 confusum
742 644 811 677 est
846 647 955 677 cum
977 647 1019 675 v.
1055 631 1332 676 severitate.
1396 631 1465 678 De

41 712 280 759 sanctitate
331 723 487 757 autem
541 710 755 757 conferas
812 701 889 756 lib.
933 708 980 755 II
1040 725 1078 755 e.
1118 724 1187 770 29.
1286 710 1466 755 Deinde

11 792 327 840 *vocabulum
362 799 528 836 vetere
564 788 785 854 equidem
817 788 896 837 hic
932 805 1016 854 per
1056 787 1335 853 hypallagen
1373 791 1466 854 epi-

3 870 234 932 stheton,
284 870 433 935 qualis
475 883 543 916 est
595 869 627 916 l.
652 868 724 929 H,
762 870 866 917 116.
892 872 932 915 4.
981 868 1187 930 positum
1240 869 1465 929 existimo,

34 968 191 1016 eoque
227 951 384 998 minus
410 947 720 1008 mutandum,
756 947 888 1012 quod
921 947 999 994 hic
1031 949 1157 1011 ipse,
1194 965 1333 1011 quem
1367 967 1467 995 vcr-

41 1048 222 1091 samus,
267 1030 390 1077 liber
421 1028 612 1077 Vinicio
648 1028 829 1075 consuli
863 1026 1128 1091 gratulandi
1168 1046 1324 1073 caussa
1359 1028 1467 1074 mis-

39 1129 142 1167 sus,
180 1110 370 1156 minime
411 1107 672 1156 recentium
718 1107 966 1154 consulum
1005 1106 1464 1172 quantulamcunque

40 1189 425 1237 detrectationem
473 1188 712 1236 continere
758 1201 949 1250 poterat.
994 1215 1055 1222 —-
1130 1185 1256 1232 Talis
1310 1202 1464 1236 autem

40 1269 316 1317 detrectatio
337 1269 385 1314 in
411 1269 518 1315 loco
552 1267 699 1314 hocce
728 1267 922 1321 inesset,
959 1265 998 1312 si
1030 1274 1251 1312 veterum
1281 1281 1463 1315 tantum

41 1350 293 1397 consulum
327 1348 618 1397 severitatem
652 1345 886 1394 laudasset
917 1345 1143 1392 Velleius.

171 1441 317 1491 Nunc
367 1455 524 1488 autem
569 1440 882 1489 severitatem*
915 1436 1028 1485 inde
1072 1437 1323 1502 antiquitus
1357 1440 1464 1487 insi-

39 1535 134 1571 tam
171 1522 442 1570 consulibus
470 1519 647 1567 Vinicii
686 1517 928 1566 ambitioni
970 1516 1216 1564 blandiens
1257 1536 1460 1568 comme·

39 1617 192 1652 morat
235 1603 448 1667 scriptor.

454 1857 787 1917 GAPUT
824 1855 1038 1913 Lxx.

424 1965 510 2000 νου.
529 1966 587 2010 11,
613 1964 670 1999 52.
696 1963 727 1997 5.
753 1976 787 2010 p.
802 1962 860 1999 76.
888 1964 940 1998 ed.
965 1963 1074 1997 oten.

149 2095 178 2115 ,‚
188 2066 302 2106 Proh
339 2066 399 2105 die·
431 2066 680 2106 immortales
703 2065 813 2118 quod
842 2064 955 2102 latim
984 2064 1203 2102 voluntatis
1234 2074 1332 2112 erqo
1364 2061 1457 2099 lim.

39 2144 121 2176 tum
152 2149 251 2174 suae
281 2141 375 2187 post
408 2148 498 2174 eam
524 2136 588 2174 vir
624 2142 707 2174 tam
743 2135 852 2172 mitis
878 2134 1055 2184 pretinm
1089 2130 1248 2170 mein-³
1305 2135 1366 2166 Ed.
1405 2146 1454 2178 pr.

38 2221 71 2254 p.
99 2211 162 2246 35.

39 2350 270 2422 Orellius
305 2410 335 2433 „
351 2373 557 2434 Rursus,
591 2374 770 2438 inquit,
808 2373 1063 2429 nescimus,
1098 2383 1255 2416 utrum
1286 2370 1452 2418 Amer-

36 2454 230 2503 bachius
257 2471 368 2501 casu
402 2453 607 2500 omiserit
639 2471 784 2513 suae,
818 2471 877 2499 an
903 2451 1162 2499 Rhenanus
1192 2450 1447 2496 inculcarit.

37 2534 160 2582 Sane
206 2551 358 2598 neque
395 2532 710 2580 necessarium
756 2546 823 2578 est
861 2544 903 2577 et
942 2532 1049 2576 loco
1088 2529 1240 2575 minus
1282 2546 1450 2592 oppor-

37 2626 154 2660 tuno
185 2613 444 2678 positum.“
519 2612 669 2676 Atqui
705 2624 893 2676 propter
926 2608 977 2655 id
1011 2609 1191 2674 ipsum,
1230 2607 1449 2672 quoniam

36 2692 246 2758 ineptius
282 2692 363 2740 hic
402 2691 607 2756 positum
653 2704 749 2749 est,
794 2708 818 2736 a
861 2688 1096 2736 Rhenano
1134 2705 1228 2734 non
1274 2685 1452 2733 videtur

993 2766 1017 2777 ,-

1004 2775 1015 2803 Ι
