1715 3117
1433 210 1492 255 77

551 418 885 477 ΟΔΡἩΤ
947 420 1017 478 1..

514 541 657 578 Vell.11‚
667 539 722 573 69.
739 540 770 574 2.
789 538 878 586 p.90
893 541 1061 576 ed.0rell.

188 644 260 693 »ὅ
293 642 336 682 C.
370 641 532 681 Cassius
569 665 617 672 -
649 643 838 681 inclusum
873 641 1154 690 Dolabellam,
1189 646 1257 695 qui
1280 659 1495 696 praeoccu-

71 718 179 764 pata
214 711 317 751 Asia
354 712 394 750 in
427 710 553 764 Syr&
582 718 851 762 pervenerat,
882 709 1134 750 Laodiceam
1177 722 1410 764 arpnynnea
1447 729 1497 754 ea

77 778 176 818 urbe
204 781 367 830 fecerat
399 781 459 818 ita
489 786 623 818 tamen
655 786 699 817 ut
726 780 927 817 adiectam
953 781 1062 818 servi
1091 782 1155 818 sni
1180 778 1397 820 Dolabella
1422 796 1498 821 non

76 848 258 899 seqniter
281 845 440 886 cervic}
466 846 627 885 clm-ee.‘·'
685 851 749 883 Ed.
780 862 830 894 pr.
861 850 975 894 p.41.
1031 852 1181 885 Burerio
1210 857 1302 887 teate
1334 855 1396 888 Ex.
1428 858 1496 888 vet.

77 919 209 953 habet:
224 963 232 969 .
246 913 452 955 Laodicia
478 922 700 968 expnqnat.

76 1078 271 1148 Parum
315 1101 373 1147 ad
403 1102 500 1166 ipsa
538 1101 670 1148 Beati
712 1101 926 1148 Rhenani
973 1103 1110 1148 verba
1153 1103 1345 1150 attendit
1387 1123 1495 1169 eum

77 1181 367 1229 Ruhnkenio
413 1181 642 1227 Krausius
689 1181 744 1227 V.
788 1182 847 1228 D.
901 1182 1103 1228 scribens
1156 1184 1496 1242 „Laodiciae

78 1271 364 1324 expugnata
427 1280 487 1307 ea
541 1262 659 1307 urbe
721 1263 849 1306 inter
911 1264 1272 1321 (con)secerat;
1334 1284 1495 1328 parum

80 1342 307 1387 rationem
387 1340 657 1387 habueruut
719 1340 932 1400 Burerii,
1012 1341 1176 1388 diserte
1238 1345 1494 1405 mouentis,

76 1422 364 1477 Laodicia,
427 1438 523 1467 non
584 1423 942 1480 Laodiceam,
1010 1433 1055 1466 et
1109 1433 1359 1483 expugnat
1398 1442 1495 1471 non

78 1510 376 1563 expugnata
425 1502 481 1547 ab
538 1501 638 1565 ipso
685 1501 847 1549 codice
891 1501 1108 1549 exhiberi.
1187 1501 1403 1548 Rhenani
1436 1521 1494 1550 au

76 1594 172 1628 tem
207 1582 349 1628 verba
379 1580 510 1644 signo
541 1580 690 1627 crucis
722 1597 817 1628 non
851 1594 955 1627 ante
993 1599 1032 1627 v.
1053 1582 1260 1640 fecerat
1286 1580 1366 1627 sed
1387 1595 1492 1628 ante

77 1677 119 1708 v.
145 1660 314 1707 urbem
350 1659 497 1725 posito
529 1659 861 1720 demonstrant,
895 1660 1016 1706 illud
1037 1661 1155 1706 arbe
1181 1660 1241 1705 ita
1263 1661 1494 1725 scriptum

76 1738 244 1799 fuisse,
277 1753 331 1785 ut
363 1738 656 1786 coniecturae
686 1740 847 1787 locum
881 1740 1125 1804 reliquerit,
1159 1755 1307 1802 neque
1338 1753 1491 1787 tamen

77 1832 182 1866 ante
245 1836 286 1865 v.
347 1821 546 1877 fecerat
591 1819 779 1866 lacunae
842 1818 1093 1882 quidquam
1164 1819 1491 1882 comparuisse.

78 1897 403 1955 Quamobrem
436 1896 553 1944 nihil
583 1895 806 1958 dubium,
841 1898 952 1960 quin
989 1896 1287 1944 scribendum
1318 1897 1396 1942 sit:

211 1979 491 2039 „inclusum
512 1978 831 2024 Dolabellam
846 2005 911 2015 -—-
934 1978 1183 2023 Laodicia
1206 1985 1492 2038 expugnata

209 2059 590 2116 interfecerat‚“
934 2051 941 2060 ⁸

75 2134 211 2193 Quae
244 2135 380 2183 lectio
416 2153 513 2182 nou
548 2147 775 2198 repugnat
799 2135 985 2182 Burei-ii
1010 2135 1282 2194 auctoritati,
1318 2133 1490 2180 etenim

78 2232 218 2278 quem
243 2217 677 2278 vocab.rexpagnat
701 2213 862 2260 addidi
883 2215 1065 2260 literam
1091 2232 1139 2274 a,
1177 2231 1275 2260 eam
1300 2212 1410 2276 petii
1431 2229 1492 2257 ex

75 2295 251 2360 syllaba
289 2313 378 2355 ea,
419 2295 530 2342 salse
573 2293 699 2339 haud
743 2293 881 2340 dubie
919 2293 1096 2340 librarii
1138 2293 1314 2339 incuria
1350 2309 1375 2336 a
1401 2307 1492 2336 suo·

78 2372 310 2421 disiuncta
327 2374 484 2420 verbo.
535 2373 701 2420 Sciunt
722 2386 958 2436 praeterea
978 2372 1234 2437 philologi,
1267 2387 1485 2433 compen-

80 2451 212 2499 dium
232 2455 358 2500 vocis
389 2456 519 2498 inter
547 2469 689 2517 quam
712 2453 920 2515 proxime
952 2451 1171 2498 accedere
1203 2450 1260 2496 ad
1290 2469 1331 2496 v.
1352 2449 1487 2506 urbe,

79 2532 255 2596 quippe
278 2532 419 2597 quod·
434 2532 492 2578 sit
520 2535 572 2577 it.
639 2531 818 2578 Literae
852 2549 926 2591 ea,
958 2548 1036 2576 um
1072 2528 1378 2594 superscripta
1404 2527 1483 2572 illa

74 2610 273 2676 syllabae
307 2631 363 2659 et·
394 2612 554 2659 notula
585 2612 717 2678 facile
748 2611 796 2657 in
832 2628 882 2657 ea
907 2627 1023 2674 quac
1053 2610 1099 2655 iu
1132 2609 1249 2655 libro
1281 2607 1482 2671 primum

52 2689 204 2754 ‘edito
237 2705 346 2739 sunt
377 2692 776 2756 depravabantur,
819 2689 1087 2754 praaeertim
1118 2705 1264 2752 quum
1295 2687 1425 2734 litera
1445 2693 1480 2742 t,
