1715 3117
1406 213 1465 255 93

48 327 209 391 Itaque
239 326 429 372 fortasse
460 327 748 390 assequimur
778 326 939 374 Vellei}
974 348 1166 376 manum
1202 333 1423 395 legendo:

189 407 423 468 „quippe
475 408 598 453 vixit
653 409 854 468 angusti
906 410 1036 454 clam·
1082 428 1310 472 purpura
1362 430 1468 459 con-

190 492 403 531 ἰειιίαιςέζ

47 564 273 611 Similiter
307 563 529 611 Ovidius:
566 565 789 612 Induitur
825 565 1052 613 humeros
1088 586 1194 613 cum
1233 571 1321 617 lato
1361 590 1469 635 pur-

47 661 168 708 pura
208 644 352 690 clavo.

180 723 312 780 Quae
355 724 791 790 quomodocunque
826 743 923 771 sese
954 724 1160 786 habent,
1200 727 1312 773 illud
1350 730 1471 776 inter

47 821 236 864 omues,
284 804 478 867 opinor,
525 818 707 850 constat
748 804 1023 852 adverbium
1055 823 1188 867 pene
1228 805 1303 852 hic
1339 809 1472 869 plane

47 885 279 931 absonum
315 900 411 930 esse
445 898 490 929 et
523 881 791 930 absurdum.

466 1153 798 1213 CAPUT
843 1153 1055 1212 LXV.

615 1261 702 1295 ven.
726 1260 774 1302 11,
801 1258 857 1293 89.
878 1259 911 1296 5.

138 1392 165 1410 „
181 1361 422 1402 Consulatus
448 1362 724 1401 tantummodo
750 1375 873 1414 usque
898 1362 956 1400 ad
981 1361 1230 1401 undecimwn
1259 1376 1372 1415 quem
1392 1377 1478 1403 con-

50 1433 229 1472 tinuaret
259 1428 414 1470 Caesar
443 1432 661 1483 impetrare
681 1432 862 1482 potuic.“
919 1432 984 1466 Ed.
1013 1445 1065 1477 pr.
1096 1433 1206 1478 p.49.

51 1593 407 1664 Scribendum:
440 1614 721 1663 Consulatus
756 1612 1084 1663 tantummodo
1119 1635 1266 1680 usque
1302 1618 1359 1664 ad
1389 1638 1477 1666 un·

53 1696 295 1743 decimum
328 1712 469 1760 quem
500 1696 793 1742 continuaret
829 1695 996 1742 Caesar
1029 1696 1265 1759 impetrari
1316 1699 1474 1761 potuit.

53 1775 189 1832 Quae
248 1773 307 1821 ad
359 1776 556 1822 verbum
611 1776 677 1821 sic
738 1775 908 1840 opinor
972 1776 1255 1838 explicarent
1308 1778 1477 1824 Gram-

54 1855 208 1903 matici
251 1857 385 1918 (cave
435 1869 567 1919 putes
613 1874 688 1901 me
731 1855 848 1902 hacc
892 1874 978 1920 pro
1021 1855 1197 1903 Latinis
1240 1855 1477 1919 vendere)

52 1935 335 1983 Consulatus
389 1936 648 1999 (singulari
701 1939 933 1996 numero)
986 1935 1172 1981 nonnisi
1232 1954 1379 2000 usque
1423 1936 1479 1982 ad

53 2015 219 2063 XImum
239 2028 292 2060 ut
325 2032 432 2061 eum
461 2015 758 2061 continuaret
792 2015 839 2071 (i.
866 2032 902 2061 e.
941 2017 1173 2076 deinceps
1204 2028 1254 2061 ut
1277 2025 1478 2078 gereret)

53 2093 298 2158 impetrari
322 2093 494 2158 potuit3
535 2093 754 2141 undecies
787 2108 969 2140 tantum
1005 2108 1055 2139 ut
1077 2095 1175 2140 sine
1210 2095 1304 2140 ulla
1337 2095 1478 2141 inter·

53 2174 271 2221 missione
296 2171 514 2237 deinceps
542 2175 686 2220 fasces
717 2174 962 2238 acciperet,
994 2174 1283 2220 commoveri
1308 2174 1474 2237 potuit.

62 2253 140 2300 Est
172 2252 289 2299 haec
324 2254 473 2316 figura
514 2253 702 2300 Graecis
753 2254 999 2317 praecipue
1035 2253 1208 2298 usitata.
1286 2253 1354 2298 Ita
1386 2253 1478 2300 Dc-

56 2331 226 2379 mosth.
269 2321 392 2376 οὗτοι
421 2322 855 2397 ἐπιδειχθήσονται
881 2325 965 2378 οἶοί
981 2326 1102 2377 εἰσιν
1124 2322 1389 2397 ὤνθρωποι.
1406 2355 1468 2361 -

59 2411 215 2467 Quam
252 2412 322 2469 ,in
385 2429 485 2459 rem
524 2412 792 2461 Matthiaeus
848 2431 918 2476 gr.
957 2411 1037 2459 Gr.
1084 2411 1290 2458 conferri
1353 2412 1479 2456 iubet

58 2490 339 2538 Ciceronem
389 2507 447 2538 20
486 2492 527 2554 ᾗ.
564 2493 638 2540 68.
677 2494 757 2539 fin.
813 2495 857 2551 4,
913 2493 956 2539 6.
997 2495 1064 2538 14.
1097 2519 1150 2526 -
1213 2490 1273 2538 Et
1322 2490 1477 2536 coufe-

58 2583 223 2617 rantur
275 2571 421 2636 ipsius
457 2571 627 2619 Velleii
665 2572 768 2618 illa:
843 2571 964 2635 „qui
1015 2570 1224 2634 protinus
1279 2582 1474 2633 quantus

55 2661 126 2696 est
157 2651 336 2715 sperari
364 2664 599 2724 potuerat.
675 2651 730 2698 L.
754 2650 815 2698 II.
859 2668 898 2697 c.
919 2654 995 2714 94.
1036 2650 1073 2713 §.
1104 2666 1142 2697 2.
