1715 3117
186 195 246 242 16

317 320 474 372 Nemo
511 340 607 371 non
640 321 854 387 intelligit
888 320 1168 370 Rhenanum
1212 339 1353 386 quam
1389 319 1605 368 facillime

188 403 480 453 confundere
520 403 722 469 potuisse
764 404 904 451 verba
938 419 1056 467 quae
1094 401 1292 448 Burerio
1331 415 1520 448 auctore
1554 400 1602 446 in

189 484 294 534 cod.
331 485 566 532 exstabant
594 477 708 531 xcum
745 483 821 544 iis,
872 501 992 548 quae
1026 483 1123 547 ipse
1159 479 1381 528 exhibuit.
1437 479 1605 528 -Dedit

173 565 329 629 ⁴igitur
350 550 352 559 Ι
362 566 536 622 „intra
565 567 754 610 aedem.
796 564 965 609 Coss.“
997 581 1171 627 quum,
1206 560 1381 608 codicis
1417 561 1605 625 vestigia

188 658 437 711 sequutus,
478 645 680 693 scribere
723 643 957 690 debuisset
994 645 1206 688 interna.
1247 643 1438 690 deinde.
1513 641 1607 688 Ae-

190 725 336 786 cedit,
381 724 513 790 quod
556 725 751 773 fortasse
790 741 848 771 ne
894 725 1072 770 deinde
1112 710 1330 787 quidem,
1357 720 1462 781 *sed
1499 721 1607 768 sim-

188 805 355 872 plicius
401 807 514 852 dein
561 805 788 869 scriptum
838 804 947 865 fuit,
994 803 1122 849 unde
1172 802 1387 849 facillime
1436 802 1610 868 syllaba

191 889 306 934 dein
337 903 424 951 pro
459 885 590 932 finali
625 884 751 932 vocis
787 887 963 930 aedem
992 883 1166 949 syllaba
1196 883 1361 930 haberi
1396 883 1557 949 potuit.

319 988 419 1035 Iam
452 1005 547 1034 non
582 987 793 1050 ineptum
821 987 920 1033 fore
941 985 1149 1046 videtur,
1187 986 1444 1049 attingere,
1481 984 1613 1050 quod

190 1087 333 1133 supra
363 1067 497 1114 certis
521 1066 580 1114 de
621 1067 789 1113 caussis
819 1066 1070 1130 omisimus.
1141 1067 1325 1130 Religio
1362 1065 1488 1112 enim
1517 1082 1613 1113 esse

188 1149 333 1214 possit
365 1162 544 1194 mutare
581 1147 628 1196 h.
657 1148 687 1194 l.
719 1145 1088 1212 interpungendi
1136 1147 1281 1210 signa.
1357 1146 1614 1192 Krausium

193 1243 317 1277 certe
356 1227 432 1283 V„
463 1228 520 1275 D.
580 1228 619 1274 si
664 1227 821 1288 audis,
888 1226 974 1274 Ed.
1019 1227 1251 1290 principis
1294 1226 1612 1290 interpunctio

191 1311 287 1358 iam
339 1307 451 1355 inde
501 1309 557 1354 ab
604 1308 708 1372 ipso
757 1306 918 1353 codice
967 1306 1125 1354 Murb.
1180 1307 1407 1371 originem
1449 1308 1617 1373 repetit

193 1409 341 1438 suam.
427 1387 490 1434 At
519 1403 641 1435 errat
670 1387 922 1447 Krausius,
970 1387 1228 1452 nulloque⁷
1275 1388 1473 1452 opinor,
1512 1390 1616 1434 iure

193 1471 288 1519 sive
317 1469 523 1533 neglexit
552 1468 645 1516 sive
678 1486 765 1532 pro
804 1468 943 1514 irritis
976 1467 1140 1514 habuit
1169 1468 1341 1514 diserta
1378 1468 1453 1514 illa
1485 1467 1616 1514 Beati

196 1550 417 1598 Rhenani
455 1550 615 1595 verba:
685 1548 891 1608 „Ausim
941 1548 1120 1607 iurare,
1162 1565 1293 1608 eum,
1351 1548 1434 1613 qui
1480 1548 1618 1595 illum

196 1629 440 1692 (codicem
477 1628 876 1691 Murbacensem>
929 1627 1262 1692 descripserat,
1311 1645 1370 1675 ne
1417 1629 1618 1676 verbum

197 1710 389 1777 quidem
415 1700 716 1756 intellexisse:
758 1707 875 1755 adeo
915 1708 1074 1755 omnia
1115 1722 1247 1755 erant
1276 1708 1466 1756 confusa
1507 1710 1620 1755 abs-

198 1810 292 1855 que
332 1792 445 1837 ullis
478 1792 683 1854 punctis
733 1799 822 1834 aut
864 1790 1314 1837 distinctionibus.“
1346 1791 1395 1853 Θ)
1476 1788 1622 1846 Quod

199 1872 326 1918 enim
364 1870 594 1918 Krausius
632 1868 691 1915 ad
733 1867 837 1916 LII
873 1887 911 1915 e.
943 1872 1031 1916 115
1061 1887 1098 1916 1.
1141 1870 1189 1916 II
1224 1873 1282 1916 25
1312 1856 1425 1916 extr.
1473 1870 1620 1917 Bure-

200 1952 326 1999 rium
356 1964 574 1997 testatum
608 1963 764 2015 putat,
804 1950 940 1996 aliam
968 1949 1014 1995 in
1038 1948 1126 1996 Ed.
1165 1968 1233 2014 pr.
1267 1963 1404 2015 atque
1437 1951 1486 1998 in
1514 1952 1647 2017 ipso¹

203 2031 366 2080 codice
398 2048 658 2095 expressam
691 2047 788 2076 esse
818 2030 1280 2094 Interpunctionem:
1310 2030 1430 2078 illud
1463 2047 1620 2078 errore

201 2111 370 2159 duetus
397 2110 739 2175 pronunciavit.
802 2108 930 2165 Quid
952 2107 1112 2155 enim?
1144 2127 1305 2156 nonne
1329 2109 1495 2156 eodem
1517 2111 1620 2157 iure

201 2209 295 2258 quo
325 2190 581 2238 Rhenanus
611 2189 837 2237 Burerius
863 2205 948 2235 suo
991 2206 1044 2240 ex
1085 2187 1259 2236 iudicio
1286 2189 1621 2253 interpungere

199 2284 396 2338 poterat,
436 2269 568 2335 quod
603 2284 827 2336 tanquam
860 2287 1020 2317 veram
1054 2269 1156 2316 cod.
1184 2269 1339 2317 Murh.
1372 2270 1624 2317 lectionem
1689 2312 1695 2317 .

199 2352 451 2400 lectoribus
481 2349 728 2415 proposuit
743 2348 766 2395 ’ἶ
795 2378 862 2385 —-—
902 2348 1070 2414 Neque
1101 2348 1228 2396 aliud
1249 2349 1509 2415 quidquam
1528 2351 1625 2415 agit

202 2430 557 2480 candidissimus
593 2431 674 2477 ille
707 2430 1087 2495 cautissimusque
1125 2431 1220 2491 vir,
1262 2449 1404 2496 quam
1442 2445 1495 2478 ut
1528 2450 1624 2479 una

201 2529 312 2558 cum
351 2511 433 2557 illa
464 2510 637 2558 codicis
667 2511 866 2558 lectione
898 2511 1038 2558 aliam
1077 2527 1266 2576 quoque
1308 2524 1444 2577 atque
1481 2530 1624 2578 quam

259 2645 296 2695 ⁸)
322 2648 425 2693 Quae
464 2648 572 2682 Beati
611 2649 724 2682 verba
765 2647 854 2682 satis
899 2647 1106 2682 confirmari
1138 2648 1304 2682 videntur
1344 2647 1408 2690 iis,
1450 2659 1542 2694 quae
1580 2648 1626 2682 ad

337 2727 423 2763 pag.
445 2718 479 2753 9.
508 2729 541 2752 ν.
566 2717 613 2753 15
644 2717 711 2751 Ed.
737 2728 789 2761 pr.
817 2716 905 2751 dixit
932 2716 1115 2751 Bul-erius.
