1715 3117
206 180 305 262 20‘

211 357 336 391 certa
369 343 461 390 sint
493 342 715 408 nullaque
752 343 1019 391 coniectura
1057 344 1327 408 indigeant,
1373 362 1426 392 ea
1465 340 1651 392 tantum

210 422 341 489 quod
372 422 433 469 ad
463 440 654 470 sensum
685 424 848 470 attinet
883 425 1114 472 excutiam
1154 425 1495 491 explicemque.

341 551 536 599 Constat
569 551 719 611 enim,
753 551 800 598 in
842 551 993 616 prima
1022 551 1208 616 periodi
1246 566 1400 617 parte,
1436 571 1461 599 a
1491 554 1647 602 verbis

209 636 347 700 puta:
384 633 582 695 QzaJppe
610 633 832 678 dictator
862 641 1062 679 creatas
1087 651 1236 698 usque
1266 632 1324 679 ad
1355 633 1430 679 illa
1454 636 1530 680 'ati
1557 652 1649 697 ap·
1714 663 1715 673 ι

195 723 414 781 pareat,
459 726 578 759 sarta
622 725 742 758 tecta
790 730 886 759 esse
934 714 1107 761 omnia.
1189 715 1317 762 Dicit
1357 715 1502 776 igitur
1531 715 1646 763 Vel-

205 796 349 854 leius,
407 794 568 840 seculo
616 791 792 839 diutius
838 793 1148 840 intermissam
1197 812 1293 842 esse
1334 795 1645 842 Dictaturam.

205 873 352 923 Nunc
398 887 555 935 autem
599 872 714 938 quid
759 872 872 920 inde
914 875 1256 940 consequitur?
1305 874 1422 940 quid
1467 875 1579 922 inde
1619 895 1644 923 a

204 955 394 1004 Velleio
435 955 656 999 effectum
693 953 986 1000 statuemus?

333 1094 626 1142 Ruhnkenio
665 1095 963 1142 assentientes
994 1097 1178 1159 legunt:
1218 1099 1352 1151 „Uti
1372 1108 1641 1160 appareat,

191 1179 441 1241 populum
483 1177 544 1221 R.
605 1177 1059 1222 usamdictatoris
1104 1177 1249 1223 haud
1290 1179 1364 1223 ita
1409 1180 1461 1223 in
1507 1188 1643 1239 meta

202 1260 577 1312 desiclerccsse,“
604 1256 700 1303 hoc
736 1274 900 1302 sensu:
938 1255 1180 1303 Romanos
1211 1274 1313 1303 eam
1337 1258 1399 1303 ob
1429 1276 1640 1304 caussam

198 1337 379 1386 tamdiu
420 1336 719 1383 intermisisse
754 1335 1075 1396 Dictaturam,
1117 1337 1224 1401 qnia
1268 1355 1387 1401 quos
1428 1338 1477 1383 in
1513 1338 1668 1385 bello*

198 1437 254 1466 ex
294 1436 344 1464 ea
387 1417 631 1483 percipere
672 1429 860 1480 possent
895 1416 1101 1476 fructus,
1160 1415 1193 1461 ii
1236 1435 1261 1462 a
1297 1416 1515 1480 periculis
1549 1434 1637 1480 per

197 1498 395 1563 nimiam
437 1496 691 1544 Dictatoris
740 1509 1016 1560 potestatem
1063 1495 1269 1541 libertati
1314 1497 1427 1560 reip.
1481 1497 1635 1544 immi-

195 1578 415 1626 nentibus
459 1578 604 1640 longe
651 1590 1011 1639 superarentur,
1072 1575 1201 1622 unde
1247 1592 1324 1621 605
1373 1577 1635 1640 praesentia

194 1659 411 1726 pericula
442 1656 595 1704 futuri
629 1655 895 1702 dominatus
925 1669 1055 1701 metu
1093 1669 1334 1720 permotos
1370 1656 1493 1703 solos
1528 1675 1633 1722 per-

194 1740 367 1786 tulisse.
434 1737 623 1796 Sensus,
648 1737 893 1795 confiteor,
929 1736 1213 1800 aptissimus,
1249 1735 1333 1782 sed
1359 1736 1630 1798 audaciore,

194 1839 336 1885 quam
373 1836 456 1884 par
495 1831 587 1875 est⁷
620 1818 876 1864 verborum
905 1834 928 1862 a
964 1815 1195 1863 Rhenano
1218 1814 1502 1864 traditorum
1528 1836 1631 1863 mu-

192 1900 363 1947 tatione
399 1910 685 1964 procreatus.

302 2026 339 2072 F
344 2025 587 2071 acilioreni
609 2024 756 2088 igitur
780 2021 1155 2069 emendationem
1180 2004 1628 2088 circumspiciamus.

191 2105 349 2161 Quam
371 2105 506 2151 nobis
536 2103 807 2169 suppeditat
832 2103 1120 2151 vocabulum
1142 2102 1262 2148 illud
1287 2113 1435 2153 meta.
1480 2102 1626 2159 Quod

188 2190 304 2256 poni
339 2205 427 2253 pro
465 2204 521 2233 eo
561 2185 691 2250 quod
731 2203 817 2231 nos
853 2184 1078 2231 dicimus:
1122 2200 1201 2229 aus
1237 2183 1442 2242 Furcht,
1485 2183 1626 2230 docet

189 2271 274 2330 (ut
310 2268 423 2314 alios
458 2267 697 2328 omittam)
734 2265 1091 2311 Baumstarkius
1126 2265 1187 2312 V.
1216 2264 1276 2310 D.
1314 2263 1375 2309 ad
1411 2262 1537 2310 Caes.
1571 2264 1625 2311 B.

189 2349 246 2396 G.
278 2349 340 2407 II,
372 2367 390 2394 1
431 2365 531 2412 pag.
557 2349 613 2391 81
656 2344 728 2393 ed.
751 2345 961 2394 Baumst.
985 2371 1039 2379 —
1100 2343 1193 2391 Cfr.
1235 2344 1373 2389 etiam
1415 2344 1536 2391 Vell.
1563 2344 1625 2404 II,

195 2432 299 2476 115.
322 2446 359 2474 1.
382 2457 448 2464 -—
489 2426 649 2485 Adde,
683 2424 814 2490 quod
835 2438 999 2471 notum
1029 2438 1110 2482 est,
1145 2423 1292 2469 metui
1316 2424 1414 2470 fere
1445 2424 1622 2488 futura,

183 2522 454 2571 metumque
495 2537 561 2544 --—
620 2505 669 2552 id
721 2504 851 2569 quod
902 2504 1077 2568 optime
1127 2517 1233 2567 post
1263 2503 1620 2559 ,Ruhnkenium

184 2588 344 2636 docuit
378 2586 604 2634 Krausius
637 2615 704 2622 —
742 2601 839 2631 esse
885 2583 1236 2649 propemodum
1281 2585 1310 2630 i.
1341 2603 1385 2648 q.
1421 2584 1618 2632 bellum.

183 2669 369 2726 Quibus
405 2666 463 2713 de
498 2666 668 2714 caussis
701 2663 962 2728 legendum
997 2664 1226 2712 coniicio:
