1715 3117
187 211 278 257 136

690 363 692 365 ·
714 336 824 400 Pag.
846 345 915 387 37.
939 350 995 383 ‘v-
1019 345 1086 385 11.
1156 338 1158 343 ’

311 429 374 488 II,
417 431 486 476 16.
523 435 566 476 4.
608 449 716 477 rem
757 449 812 493 p.
851 433 913 476 R.
981 430 1256 478 Ruhnkenii
1300 433 1618 480 coniecturam

179 525 288 555 rem
323 509 584 571 publicam
622 513 806 573 populi
855 513 1077 557 Romani
1123 511 1258 558 nullo
1302 510 1446 558 modo
1488 528 1617 558 acce-

178 590 351 654 perim3
398 591 630 637 'nimirum
674 594 894 654 privata
946 591 1117 656 populi
1162 591 1218 637 R.
1264 608 1336 638 res
1383 609 1476 637 non
1527 605 1616 653 est3

180 670 350 735 populi
386 672 440 717 R.
477 689 548 718 res
582 691 768 737 semper
807 672 993 737 publica
1023 684 1089 718 est
1123 691 1156 718 s.
1191 672 1422 736 populica.
1486 672 1615 736 Ergo

175 751 354 815 optime
389 768 436 797 se
467 749 610 798 habet
643 753 786 798 lectio
808 752 922 808 AB.
963 770 1070 797 rem
1094 754 1279 814 populi
1312 754 1544 799 Romani.

707 873 815 936 Pag.
837 881 904 923 39.
950 891 990 919 v.
1018 879 1085 923 24.

302 963 365 1024 II,
399 966 468 1010 19.
502 968 543 1009 4.
606 966 956 1030 Taenariam]
1017 965 1141 1011 Fort.
1173 966 1309 1012 scrib.
1361 968 1497 1013 circa
1537 969 1610 1013 in·

171 1045 333 1088 sulam
367 1042 678 1104 Aenariam,
717 1045 850 1091 litera
890 1044 933 1090 T
957 1062 1014 1091 ex
1043 1045 1080 1093 Ι.
1120 1047 1196 1106 (::
1227 1045 1404 1108 insula)
1439 1060 1553 1093 orta.

710 1170 818 1234 Pag.
853 1177 922 1221 41.
961 1189 1001 1218 v.
1029 1180 1068 1221 1.

303 1264 375 1325 II,
414 1282 485 1311 20.
523 1268 563 1310 5.
619 1267 758 1311 cuias
802 1268 1036 1327 augenda
1079 1266 1131 1311 C.
1173 1266 1414 1312 Mariam.
1484 1265 1612 1312 Fort.

171 1344 307 1390 scrib.
364 1380 397 1400 ,,
421 1347 559 1406 Opas
610 1355 722 1390 erat
759 1347 995 1408 partibus
1040 1348 1367 1401 auctoritate,
1413 1348 1607 1407 gratia,

173 1426 311 1470 cuius
365 1429 630 1486 augendae
685 1443 839 1472 caasa
883 1428 1112 1472 Marium
1167 1444 1278 1472 cam
1307 1420 1611 1483 filio-revoss

172 1507 360 1554 cavit.“
437 1504 744 1553 Vocabulum
788 1523 941 1552 causa
987 1505 1120 1552 elicio
1168 1523 1222 1551 ex
1268 1506 1352 1552 illo
1405 1507 1456 1552 C.
1505 1518 1611 1552 ante
1700 1562 1703 1563 ⁷

171 1585 411 1631 ‚Mariana

700 1706 812 1767 Pag.
833 1713 900 1756 41.
938 1724 979 1754 v.
996 1715 1063 1757 12.

300 1799 362 1856 ΙΙ,
395 1817 469 1848 21.
504 1808 544 1847 ’2.
588 1802 857 1861 adfecisset.
937 1799 1119 1848 Vereor
1154 1818 1239 1862 ue,
1279 1800 1497 1849 vocabuli
1535 1800 1609 1863 afl

163 1881 405 1938 fulsisset
440 1874 665 1945 elegantia
703 1880 939 1929 obcaecati
973 1881 1022 1927 in
1052 1899 1094 1928 v.
1134 1880 1361 1943 affuisset-
1394 1879 1609 1927 iniustius

171 1959 352 2024 egerint
392 1960 563 2007 Critici.

704 2080 814 2144 Pag.
840 2085 909 2132 42.
938 2099 980 2129 v.
1005 2090 1075 2132 22.

301 2173 365 2234 II,
401 2191 472 2220 22.
509 2177 551 2220 5.
623 2173 758 2220 Nihil
796 2191 918 2237 opus
957 2187 1022 2221 est
1049 2173 1231 2220 intruso
1266 2192 1309 2222 v.
1337 2192 1440 2221 suo.
1495 2174 1607 2222 Vid.

172 2254 365 2301 Krausii
404 2271 561 2302 veram
594 2254 689 2301 loci
721 2253 1164 2318 interpretationem.

704 2388 809 2453 Pag.
830 2394 898 2439 44.
935 2407 976 2437 v.
1002 2398 1070 2439 11.

311 2482 379 2537 ΙΙ,
422 2486 493 2528 24.
529 2484 572 2529 5.
627 2485 892 2530 caelestem
934 2486 1040 2530 eius
1079 2485 1250 2530 vitam.
1336 2481 1605 2543 Quaeritur,

169 2562 288 2608 sitne
335 2562 380 2608 in
443 2561 546 2609 cod.
590 2562 781 2610 Amet-b.
824 2565 1026 2611 verbum
1074 2566 1126 2609 in
1184 2578 1292 2611 ante
1333 2580 1374 2609 v.
1424 2563 1533 2608 vita
1564 2579 1604 2608 .s.

174 2643 355 2701 vitam,
390 2660 537 2706 quum
570 2643 830 2707 praemissis
863 2643 1016 2691 verbis
1053 2645 1199 2700 „eius
1228 2645 1389 2690 vitam
1421 2658 1605 2689 memo-

172 2723 335 2767 νέαιη(ζ
374 2722 502 2780 (nou
558 2732 666 2781 „in
704 2725 936 2785 vitam“)
984 2723 1192 2774 Orellius
1252 2722 1370 2772 haec
1426 2734 1641 2770 tantum.
