1715 3117
1431 213 1490 258 73

398 438 734 540 ’σΑΡιτ-ι·
791 477 1144 541 κινιιι

482 603 567 637 Vell.
586 603 633 648 11,
659 602 716 638 68.
736 603 764 637 2.
784 617 816 650 p.
829 602 885 638 89.
905 605 957 639 ed.
970 604 1080 638 Orell.

175 716 262 767 „In
299 716 398 757 urbe
431 717 694 767 seditionem,
727 719 827 758 Ιιαιιε
862 722 992 771 maqis
1021 719 1186 773 ‘occulte
1227 718 1407 760 bellicum
1436 729 1490 761 tu-

65 787 231 826 multum
256 791 463 826 movens.“
519 791 584 825 Ed.
613 803 664 836 pr.
695 804 728 836 p.
747 792 809 828 41.

717 899 849 911 ’Ξ

66 967 369 1051 Rhenanus,
403 993 585 1040 tametsi
613 992 760 1039 edidit
793 995 946 1048 haud,
979 993 1179 1039 coniecit
1213 1002 1299 1038 aut
1331 997 1492 1055 magis

0 1097 1 1100 =
67 1074 278 1133 occulte3
344 1073 564 1120 Burei—ius
636 1074 842 1137 quamvis
922 1073 1180 1119 subtimcns
1234 1072 1490 1136 legendum

64 1151 347 1214 suspicatur:
404 1154 568 1213 magis
612 1161 791 1198 autem.
877 1149 1018 1197 Unde
1065 1150 1183 1196 illud
1235 1165 1358 1198 certe
1399 1169 1489 1214 pro

64 1243 308 1293 comperto
351 1228 602 1290 habemus,
662 1230 708 1275 in
757 1228 920 1276 codice
976 1229 1042 1275 M.
1090 1229 1309 1276 exstitisse
1363 1232 1489 1276 haut

64 1326 160 1355 non
193 1310 347 1355 haud.

62 1463 66 1466 .
193 1401 328 1457 Quae
358 1403 592 1448 lectorum
621 1402 769 1448 oculis
798 1401 1105 1460 subiecimus,
1138 1399 1309 1447 codicis
1330 1399 1487 1448 Murb.

62 1482 230 1537 verba,
284 1499 309 1527 a
361 1481 522 1545 Lipsio
570 1493 614 1526 et
662 1481 951 1527 Ruhnkenio
1003 1481 1103 1526 iure
1163 1479 1355 1544 quidem
1404 1480 1486 1527 sed

2 1613 12 1622 ,
62 1561 215 1608 miuus
250 1561 444 1607 feliciter
480 1561 751 1625 impugnata
789 1574 908 1606 sunt.
988 1559 1204 1621 Namque
1236 1559 1485 1616 scribendo

63 1641 143 1703 „in
176 1641 292 1687 urbe
330 1639 637 1700 seditionem,
673 1653 715 1685 at
751 1640 798 1685 in
838 1639 959 1701 agris
982 1639 1200 1685 bellicum
1232 1638 1483 1684 tumultum

63 1722 294 1767 movens“
330 1717 518 1764 Ruhnk.
554 1717 679 1764 istud
711 1727 765 1763 at
799 1717 983 1765 videtur
1019 1716 1204 1764 Velleio
1239 1716 1378 1779 plane
1413 1717 1483 1763 iu-

62 1798 164 1844 vito
207 1798 460 1844 intrusisse}
555 1796 780 1857 Moleste,
819 1797 1013 1861 opinor,
1056 1797 1171 1841 feres
1205 1795 1482 1859 particulam

61 1876 395 1925 adversativam
433 1876 513 1923 tali
556 1876 604 1922 in
651 1876 1072 1941 comprehensione
1112 1875 1322 1938 positam.
1404 1875 1482 1921 Iu-

64 1955 264 2032 ducatur
299 1956 453 2004 velim.

189 2048 541 2111 Sagacissimam
592 2049 739 2112 Lipsii
789 2047 1108 2094 coniecturam
1169 2048 1258 2106 „in
1312 2047 1479 2109 agris“

61 2128 275 2192 quamvis
319 2129 501 2176 idoneis
547 2129 804 2176 rationibus
846 2126 1130 2174 confirmarit
1166 2125 1478 2184 Burmannus,

61 2221 213 2254 tamen
250 2222 444 2272 propter
472 2209 593 2272 ipsas
629 2226 701 2255 res
736 2227 761 2254 a
789 2207 953 2254 Coelio
983 2220 1130 2270 gestas
1159 2223 1251 2251 non
1288 2222 1477 2268 possum

61 2287 175 2352 quin
208 2305 432 2334 recusem.

191 2379 328 2428 Circa
381 2382 595 2427 Thurios
640 2379 763 2426 enim
806 2380 888 2440 (ut
934 2377 1105 2425 Velleii
1155 2378 1305 2424 verbis
1351 2382 1476 2440 utar)

58 2477 311 2526 oppressus
344 2474 411 2506 est
436 2459 648 2518 Coelius3
680 2459 729 2504 in
771 2459 1046 2504 Thurinum
1075 2455 1133 2501 ad
1156 2455 1475 2504 sollicitandos

59 2552 266 2605 pastores
296 2539 534 2605 praemisit
565 2538 809 2590 Milonem.
878 2535 1131 2582 Enimvero
1162 2537 1274 2582 urbs
1305 2533 1475 2581 Thurii

58 2619 204 2682 longe
251 2618 471 2666 remotior
501 2628 608 2663 'erat
644 2616 699 2662 ab
739 2616 880 2674 urbe,
928 2631 1068 2679 quam
1110 2626 1160 2659 ut
1195 2614 1371 2659 bellum
1410 2611 1473 2656 ibi

58 2699 314 2744 conflatum
354 2700 405 2743 in
447 2698 587 2758 agris
625 2707 942 2759 comparatum
990 2693 1079 2740 dici
1119 2704 1280 2756 posset.
1360 2689 1472 2750 Agri
