1715 3117
1476 235 1503 277 3

86 352 242 401 secula
283 351 490 400 adamari
523 352 739 416 exigique
774 365 819 398 et
857 352 1007 399 excoli
1040 351 1263 402 debuisse.
1345 357 1412 404 lta
1443 384 1503 396 .-

86 447 140 482 ut
169 434 262 481 iam
295 449 637 498 persequamur
663 430 792 496 quod
815 430 961 478 modo
993 435 1317 497 usurpavimus
1355 453 1504 484 exem·

87 506 223 581 plum
264 541 325 550 —
366 510 595 578 quamdiu
638 524 803 576 poetae
839 511 1009 559 Graeci
1045 513 1341 575 exstitissent,
1380 534 1503 564 nun-

88 610 231 657 quam
271 604 486 639 cessasset
519 589 778 654 tragoedia,
824 604 868 637 et
904 590 1090 638 infinita
1126 593 1404 654 tragicorum
1437 613 1504 643 se-

89 671 177 720 ries
240 683 436 736 sequuta
485 669 643 716 fuisset
701 668 991 734 Aeschylum
1048 670 1238 735 eiusque
1279 675 1505 736 aequales.

86 752 199 799 Huc
233 750 486 825 respiciunt
512 749 616 796 illa:
663 749 835 809 „artati
866 749 1090 814 temporis
1119 750 1363 815 spatium,“
1398 752 1508 812 huc,

89 849 208 898 quae
253 830 468 896 proxime
505 828 822 894 praecedunt,
872 830 1006 876 nullo
1050 829 1131 876 illa
1165 830 1268 877 iure
1314 845 1510 878 mutata:

86 947 115 974 „
128 912 238 959 Hoc
271 910 398 957 idem
419 911 620 958 evenisse
655 909 992 973 grammaticiS,
1025 910 1206 974 plastis,
1237 910 1510 974 pictoribus,

87 991 516 1056 scalptoribusque,
567 989 778 1054 quisquis
813 1002 1085 1054 temporum
1119 989 1335 1036 institerit
1371 992 1510 1051 notis,

86 1071 309 1134 reperiet:
370 1072 693 1116 eminentiam
743 1071 974 1131 cuiusque
1027 1071 1193 1131 operis
1245 1071 1514 1116 artissimis

87 1158 367 1210 temporum
405 1149 637 1194 claustris
666 1150 1072 1194 circumdatam“
1106 1150 1162 1210 1).
1231 1147 1373 1194 Adde
1395 1166 1513 1213 quae

88 1228 274 1292 egregie
317 1228 474 1275 favent
523 1226 578 1272 iis
628 1243 748 1291 quae
793 1227 952 1272 statim
995 1227 1281 1291 proposituri
1329 1245 1514 1274 sumus:

88 1307 394 1368 „Historicos
440 1306 597 1352 minus
642 1305 836 1353 LXXX
879 1305 1009 1352 annis
1048 1305 1392 1353 circumdatum
1439 1323 1514 1354 ae-

88 1405 201 1436 vum
236 1385 391 1433 tulit.“

192 1487 326 1545 Quae
379 1487 473 1534 loci
519 1486 744 1534 sententia
795 1498 849 1534 ut
896 1486 1194 1552 expediatur,
1259 1487 1515 1552 legendum

91 1585 334 1634 propono:

232 1670 440 1731 „Huius
461 1687 579 1732 ergo
608 1669 907 1717 excedentis
927 1685 1182 1729 nunquam
1205 1669 1418 1713 seculum
1442 1669 1514 1713 in·

226 1752 496 1812 geniorum
527 1749 871 1795 similitudinis
908 1748 1353 1808 congregantisque
1380 1764 1431 1791 se
1465 1755 1515 1791 et

234 1832 287 1876 in
309 1832 528 1876 studium
556 1846 658 1890 par
689 1836 737 1873 et
761 1829 813 1872 in
840 1828 1220 1872 emolumentum
1234 1861 1248 1880 ,
1286 1827 1513 1871 causas.“

223 1943 368 1992 Cuius
417 1942 762 1991 emendationis
810 1940 870 1988 ad
920 1958 1108 1988 sensum
1152 1939 1283 2004 quod
1337 1939 1515 1999 attinet,

94 2024 225 2072 facile
267 2041 429 2072 omnes
473 2023 662 2083 vident,
719 2021 895 2070 Velleii
942 2037 998 2067 ex
1050 2020 1278 2066 sententia
1337 2019 1516 2082 singula

94 2104 309 2151 virorum
352 2103 547 2168 ingenio
590 2102 921 2150 excellentium
958 2100 1087 2165 paria
1127 2127 1187 2135 -
1231 2098 1515 2158 memineris,

95 2201 214 2250 quos
252 2201 346 2230 uua
389 2182 647 2228 nominavit
682 2181 916 2240 Velleius,
950 2178 1201 2243 Aeschyli,
1247 2177 1509 2242 Sophoclis,

154 2334 196 2381 ¹)
228 2337 296 2372 Ed.
325 2348 397 2380 pr.:
454 2335 585 2378 „Adeo
623 2334 768 2379 quidem
803 2337 963 2368 artatum
1000 2331 1178 2377 angustiis
1213 2333 1442 2374 temporum,
1476 2333 1517 2362 ut

231 2417 336 2440 neme
361 2404 538 2439 memoria
561 2403 691 2449 dignus
719 2403 813 2437 alter
838 2403 884 2436 ab
907 2387 1023 2435 altero
1042 2399 1156 2434 videri
1175 2397 1435 2443 nequiverint.“
1476 2397 1517 2431 In

232 2475 358 2509 vocab.
395 2476 577 2509 artatum
606 2472 800 2506 haerentes
835 2471 1052 2514 Interpretes
1089 2467 1182 2502 alius
1217 2467 1289 2501 alio
1335 2464 1515 2499 infelicius

233 2542 456 2577 coniecturas
476 2544 642 2585 captasse
662 2539 838 2574 videntur.
868 2538 1044 2583 Equidem
1067 2537 1099 2571 ai
1120 2546 1262 2570 mecum
1282 2531 1413 2569 artati
1427 2535 1517 2569 sunt

230 2611 459 2646 scribendum
492 2619 639 2644 censeas
674 2608 910 2653 subintellige
939 2612 1111 2641 oratores.
1199 2606 1428 2650 Quamquam
1460 2610 1513 2633 re·

230 2682 330 2714 tento
355 2689 432 2714 vec.
462 2681 640 2714 anatum
674 2677 826 2712 fortasse
852 2676 961 2710 otiam
991 2674 1205 2719 prae-cedens
1241 2670 1329 2706 illud
1366 2664 1513 2704 clar-m

229 2747 416 2782 subaudiri
442 2751 570 2791 potest.
1164 2794 1186 2813 ⁴

1125 2798 1139 2834 l
