1715 3117
178 233 241 276 90

279 364 373 416 „ut
409 353 603 417 dubites·
636 367 723 398 suo
759 367 827 397 an
872 351 1172 413 Cleopatrae
1202 352 1413 399 arbitrio
1449 354 1601 399 victo-

278 438 410 482 riam
443 441 811 495 tempmuturus
831 432 1055 490 faerit.“

181 543 420 592 Nimirum
451 541 499 588 in
523 559 577 589 eo
601 534 733 586 cuius
755 531 1087 604 apographum
1111 550 1207 584 erat
1235 537 1384 585 codex
1412 537 1606 585 Murba·

182 623 331 672 censis
344 622 467 668 libro
487 620 762 685 legebantur
774 619 913 666 haec:
934 618 1332 666 atdabitesuoan.
1367 618 1501 674 Quae
1521 635 1606 683 per

182 720 392 752 errorem
412 703 472 748 ita
490 699 711 748 disiunxit
729 697 949 746 librarius
963 696 1144 744 Murb.:
1180 697 1423 743 uide-bites
1445 714 1506 742 zzo
1523 714 1603 743 an.

181 779 312 832 Haec
336 782 493 847 Murb.
516 778 746 828 Monaehi
775 777 918 826 verba
938 776 1194 823 Rhenanus
1217 776 1282 823 sio
1304 776 1440 840 legit:
1472 778 1609 822 vide-

183 859 280 912 bite
317 880 430 923 sao,
470 857 754 906 Amerbach.
787 874 900 905 vero
933 856 1021 903 sic:
1061 857 1303 903 videbites
1329 874 1404 903 ne.
1477 855 1610 912 Quo-

183 965 289 994 rum
319 957 518 1005 uterque
552 940 695 985 falsus
737 951 804 984 est
836 954 890 983 eo
927 936 1059 1000 quod
1097 937 1282 983 literam
1313 955 1336 982 s
1365 935 1609 999 duplicare

181 1024 482 1088 negligerent.
563 1016 907 1065 Amerbaehius
949 1032 1059 1063 vero
1104 1014 1317 1062 absurdis
1361 1016 1505 1062 literis
1547 1032 1609 1061 uo

181 1121 371 1152 sensum
431 1098 785 1147 subministrans
832 1095 1092 1160 procreavit
1151 1092 1281 1160 quod
1331 1124 1398 1132 -—-
1452 1109 1505 1142 ut
1544 1095 1614 1143 vi-

185 1184 321 1232 detur
372 1206 430 1219 -⁴—-
490 1196 735 1243 nunquam
782 1195 806 1223 a
848 1174 1034 1223 Velleio’
1084 1177 1350 1239 profectum
1395 1188 1479 1222 est:
1533 1193 1608 1222 ne.

183 1264 373 1312 Etenim
404 1261 482 1308 hie
515 1260 692 1306 factum
736 1265 803 1303 est
843 1255 894 1302 id
933 1254 992 1302 de
1030 1272 1126 1320 quo
1171 1272 1312 1319 supra
1356 1271 1456 1319 cap.
1491 1253 1613 1301 XIII

186 1362 211 1391 a
242 1342 376 1390 nobis
408 1339 673 1406 expositum
707 1349 785 1383 est.

318 1475 391 1521 De
422 1472 600 1520 ultimis
637 1470 773 1517 etiam
809 1467 996 1533 periodi
1023 1468 1196 1515 verbis:

287 1565 417 1626 „qui
447 1565 519 1608 ad
548 1562 653 1606 eius
671 1559 866 1620 fugam
888 1557 1155 1603 arbitrium
1186 1559 1370 1605 direxit
1385 1558 1614 1620 fugam“

190 1681 345 1730 neque
373 1662 636 1721 Rhenam,
682 1675 834 1721 neque
853 1656 1053 1704 ‘Orellio
1093 1657 1333 1721 astipulor.
1402 1658 1615 1706 Suadeo:

292 1753 419 1816 „qai
454 1753 527 1797 ad
558 1752 663 1796 eius
684 1749 879 1810 fugam
920 1745 1187 1793 arbitrium
1214 1748 1396 1794 direxit
1422 1754 1618 1795 suam.“

191 1855 259 1904 Ita
295 1866 340 1902 et
362 1853 596 1901 Rhenano
633 1850 772 1898 simul
805 1867 914 1896 cum
935 1846 1276 1908 Amerbachio,
1309 1859 1355 1896 et
1385 1877 1453 1886 —-
1487 1847 1619 1914 quod

197 1936 456 1983 maximum
475 1961 543 1970 —-
562 1930 751 1980 Velleio
780 1945 854 1976 me
880 1928 1218 1975 satisfacturum
1246 1929 1431 1993 opinor.
1491 1926 1620 1976 Dicit

199 2015 325 2063 euim
346 2014 558 2078 scriptor,
591 2008 902 2059 dubitandum
925 2025 1033 2055 sane
1055 2007 1208 2070 fuisse,
1231 2022 1290 2055 an
1311 2008 1459 2074 quiin
1480 2006 1620 2055 rebus

199 2096 320 2142 male
364 2094 500 2158 gestis
535 2108 673 2139 suum
705 2088 951 2138 arbitrium
989 2087 1049 2134 ad
1081 2086 1356 2152 Cleopatrae
1393 2086 1620 2134 iudicium

198 2172 585 2230 accommodarit,
614 2171 740 2217 idem
769 2180 898 2234 parta
922 2167 1109 2216 victoria
1141 2185 1225 2214 suo
1257 2167 1399 2231 ipsius
1429 2166 1621 2214 arbitrio

200 2267 308 2300 usus
342 2252 489 2298 fuerit.
563 2250 617 2296 In
656 2248 900 2296 Orelliana
937 2247 1136 2294 lectione
1171 2247 1326 2293 minus
1360 2246 1547 2311 placent
1575 2259 1620 2292 et

201 2333 298 2380 duo
337 2332 404 2378 illi
442 2329 633 2394 genitivi
675 2330 779 2374 eius
813 2324 997 2389 fugae,
1049 2339 1092 2373 et
1140 2327 1347 2391 neglecta
1391 2325 1622 2374 Editionis

200 2429 272 2478 pr.
310 2409 580 2469 auctoritas,
625 2408 801 2473 quippe
847 2421 971 2471 quac*
1010 2424 1152 2453 suam
1191 2405 1373 2469 prodat.
1445 2405 1622 2462 Quam-

200 2509 342 2556 quam
372 2509 466 2537 non
499 2490 665 2554 ignoro
705 2485 931 2551 genitivos
954 2486 1061 2532 illos
1091 2486 1229 2532 etiam
1264 2483 1463 2532 inveniri
1495 2503 1624 2533 com-

201 2572 358 2637 plures
393 2569 661 2635 praesertim
691 2566 804 2612 Julii
836 2565 1041 2612 Caesaris
1070 2566 1118 2612 iu
1158 2565 1356 2628 scriptis.
1425 2564 1627 2613 Accedit

208 2649 339 2716 quod
379 2649 613 2697 Antonius
643 2650 834 2709 fugam
867 2663 1012 2692 suam
1059 2645 1123 2706 (si
1160 2646 1205 2691 in
1256 2645 1404 2708 ipsam
1444 2658 1627 2692 senten-

205 2731 315 2792 tiam
349 2746 488 2794 quam
522 2728 623 2777 fieri
654 2727 795 2792 possit
830 2725 1031 2774 maxime
1064 2725 1319 2789 intremus)
1350 2724 1628 2789 Cleopatrae
