1715 3117
180 199 275 249 140

177 326 317 374 totius
359 328 484 375 orbis
525 340 754 374 terrarum
791 325 1040 391 imperium
1077 324 1284 373 delatum
1325 326 1408 387 sit,
1442 325 1602 374 ‘Auto-
1646 353 1654 363 ε

178 406 258 454 nio
293 425 391 454 non
421 407 557 469 ite1n3
598 425 683 454 cur
718 407 870 470 legem
908 405 1158 453 Gabiniam
1188 405 1486 459 dissuaserint
1521 424 1603 471 op-

174 487 368 535 timates.

700 596 808 660 Pag.
832 603 899 647 53.
943 615 985 644 v.
1009 605 1078 647 20.

308 690 379 751 II,
416 693 490 738 51.
520 694 562 737 4.
623 692 844 737 consilia.
924 689 1099 737 Nonne
1142 689 1467 738 scribendum:
1517 691 1610 736 sed

162 765 350 818 'eorum
381 772 588 818 consilia
625 773 655 816 ι’.
691 787 735 818 υ.
768 768 846 817 s.?

708 904 820 969 Pag.
844 913 898 955 53
933 923 975 952 v.
998 912 1065 955 16.

308 997 422 1046 Non
464 999 563 1054 sine
607 999 848 1064 voluptate
886 998 972 1046 sed
1019 1012 1065 1046 et
1113 1017 1224 1046 cum
1268 997 1431 1046 dolore
1477 1016 1609 1046 nunc

180 1077 375 1126 demum
417 1078 582 1140 video,
640 1097 716 1127 me
762 1079 811 1126 in
870 1078 1034 1126 eadem
1086 1078 1304 1126 incidisse
1353 1097 1464 1126 cum
1508 1078 1610 1125 Hu-

177 1159 304 1221 thio,
342 1159 639 1208 coniiciente:
681 1161 952 1223 permultis
981 1162 1086 1206 iam
1125 1161 1242 1205 aliis
1271 1161 1394 1206 locis
1435 1162 1605 1208 victos.

706 1320 820 1384 Pag.
845 1326 914 1370 54.
953 1338 995 1368 v.
1016 1326 1082 1370 14.

311 1415 372 1476 II,
407 1418 481 1463 52.
513 1418 582 1462 14.
652 1413 866 1480 Apparet
899 1433 972 1463 vv.
1015 1417 1254 1478 discripto
1301 1432 1423 1478 quos
1464 1432 1524 1460 ue
1563 1416 1615 1461 in

178 1496 226 1542 in
278 1495 380 1560 ipso
431 1495 594 1543 codice
651 1495 899 1556 exstantia,
953 1513 978 1541 a
1025 1494 1291 1556 Rhenano‚
1342 1494 1615 1560 corrigendi

180 1576 339 1624 studio
393 1576 568 1637 ducto,
623 1576 866 1622 immutata
911 1592 1022 1622 esse.
1104 1575 1249 1631 Quae
1297 1588 1450 1622 tamen
1499 1575 1617 1622 mihi

181 1659 380 1705 omnino
406 1675 504 1704 non
526 1674 636 1704 sana
666 1673 763 1704 esse
792 1654 1024 1703 videntur.
1094 1655 1226 1712 Quid
1250 1656 1288 1702 si
1313 1654 1615 1703 scribendum

182 1738 260 1786 sit:
310 1739 574 1786 distributo
611 1753 984 1800 quoquoversus
1016 1765 1083 1774 —-
1118 1735 1352 1801 praesidio
1390 1734 1618 1785 navium?

730 1886 835 1950 Pag.
861 1893 928 1937 55.
960 1904 1001 1934 v.
1025 1892 1066 1936 4.

315 1983 379 2043 II,
411 1985 485 2030 55.
515 1999 553 2029 1.
603 1980 914 2046 Piraticam]
979 1971 1071 2028 Est‘
1091 1979 1139 2027 h.
1167 1979 1199 2027 l.
1231 1979 1483 2044 scriptoriS,
1519 1995 1618 2026 non

183 2063 360 2112 librarii
393 2080 525 2110 error
555 2061 807 2115 notandus.
877 2056 1065 2108 Etenim
1094 2062 1134 2107 si
1163 2077 1328 2108 verum
1360 2056 1476 2107 esset
1502 2058 1619 2106 Sau-

183 2144 301 2192 tenii
326 2143 765 2202 'Midas-Madame,
796 2140 1012 2188 Velleius
1049 2158 1146 2187 non
1166 2139 1362 2188 diceret:
1411 2139 1536 2187 Cum
1571 2139 1620 2185 iu

181 2226 279 2270 fine
324 2235 441 2270 esset
476 2221 657 2268 bellum
697 2219 1077 2267 Mithridaticum
1097 2257 1109 2281 ,
1152 2237 1355 2286 eumque
1389 2219 1619 2266 Lucullus

182 2332 248 2340 -
281 2305 415 2349 idem
452 2302 630 2347 bellum
679 2298 837 2347 adhuc
872 2299 1246 2363 administraret,
1292 2300 1515 2348 Manilius
1550 2301 1618 2347 le-

185 2399 291 2446 gem
330 2382 458 2442 tulit‚
494 2394 546 2426 ut
578 2381 760 2427 bellum
786 2383 1191 2428 Mithridaticam
1220 2399 1305 2446 per
1332 2379 1618 2444 Pompeium

185 2461 603 2509 administraretur.
711 2460 917 2508 Offendo
969 2461 1017 2508 in
1059 2465 1227 2508 eodem
1279 2461 1503 2509 Subiecto
1547 2474 1619 2507 ter

187 2540 394 2605 repetito.
480 2540 649 2606 Neque
698 2541 737 2590 is
782 2554 849 2587 est
896 2541 1113 2588 librarius
1154 2541 1333 2603 Murb.,
1377 2541 1459 2606 qui
1508 2540 1621 2587 tales
1669 2563 1673 2573 ·

186 2635 311 2668 creet
347 2637 502 2668 voces.
1575 2621 1580 2626 ’
