1715 3117
1382 181 1441 223 153

25 289 160 348 Quae
190 290 439 355 'scriptoris
469 292 608 340 verba
644 293 710 340 sic
742 294 1019 358 explicanda
1051 311 1177 345 sunt:
1230 314 1444 351 actorum

23 371 124 418 eius
161 372 488 420 commentarii
527 372 708 420 insertis
748 373 873 420 falsis
919 377 1305 442 pravitatihusque
1343 399 1445 429 cor-

25 451 155 515 rupti
185 463 336 512 erant,
375 453 466 499 sive
502 465 552 498 ut
593 454 684 500 alio
724 472 912 519 quoqne
947 456 1092 502 modo
1133 459 1224 505 loci
1262 475 1444 509 seuten-

22 532 134 578 tiam
181 533 515 596 explanemus:
577 532 805 581 Actorum
860 535 958 582 eius
1011 540 1352 587 commentariis
1401 555 1445 587 et

21 611 136 659 falsa
177 613 348 659 inserta
387 624 520 659 erant
567 627 613 659 et
662 628 794 660 erant
822 613 967 661 iidem
1010 616 1303 680 pravitatibus
1342 638 1444 666 cor-

24 692 149 756 rupti
186 709 274 739 ceu
314 691 568 757 depravati.
658 693 834 741 Vocab.
863 693 1003 757 falsa
1038 709 1197 742 utrum
1238 698 1443 745 substan·

22 771 103 818 tivi
141 772 251 819 loco
299 771 504 836 positum
541 785 701 835 putes,
753 790 810 819 an
850 773 1088 834 adieetivi‚
1135 788 1187 821 ut
1223 777 1444 823 subintel·

21 849 192 914 ligatur
223 849 352 914 quod
383 851 625 915 praecedit
656 867 700 899 v.
733 861 874 913 acta,
910 853 1104 917 perinde
1142 868 1222 903 est.

0 994 1 997 Ἰ
155 932 449 977 Pravitates
481 930 658 993 plurali
698 948 893 978 numero
933 931 1026 979 dici
1063 950 1207 996 quum
1245 933 1445 983 dubium

21 1009 172 1057 visum
200 1010 257 1057 sit
298 1011 450 1057 amico
480 1009 665 1057 cuidam
694 1028 825 1071 meo,
870 1014 1015 1059 affero
1045 1012 1172 1060 hunc
1206 1013 1445 1063 Ciceronis

24 1090 211 1137 locum:
259 1092 598 1150 „Pravitates
635 1092 795 1137 animi
830 1101 960 1138 reste
1004 1094 1128 1138 vitia
1163 1096 1444 1142 dicmztur.“

21 1167 133 1217 Vid.
175 1169 338 1217 Parad.
372 1169 455 1216 III.
1225 1228 1227 1230 ,

155 1248 312 1296 Cludii
360 1250 631 1297 coniectura
691 1250 983 1314 „vitiatisque
1038 1251 1252 1314 corrupti
1317 1268 1445 1297 com-

22 1329 286 1376 mentarii“
335 1346 390 1376 eo
436 1328 627 1392 quidem
669 1344 867 1394 praestat
916 1329 1043 1393 quod
1083 1347 1176 1376 non
1217 1344 1284 1377 tot
1321 1332 1445 1378 abla—

24 1408 144 1456 tivos
179 1409 456 1455 coniunctos
487 1411 698 1474 praebet:
738 1409 821 1456 sed
854 1424 1005 1456 tamen
1041 1423 1086 1456 et
1107 1410 1343 1475 aliquanto
1378 1412 1444 1456 fa-

23 1489 158 1535 cilior
186 1503 253 1535 est
280 1488 547 1536 emendatio
576 1489 613 1535 si
644 1507 733 1551 qua
766 1504 832 1536 est
860 1504 1032 1548 nostra,
1068 1507 1154 1537 nec
1184 1508 1288 1537 raro
1318 1507 1443 1536 com-

23 1569 186 1633 plures
225 1569 409 1616 ablativi
445 1569 587 1617 vicini
619 1582 741 1616 sunt.
825 1568 920 1618 Cfr.
967 1570 1090 1616 enim
1134 1569 1260 1616 Caes.
1293 1569 1346 1616 Β.
1383 1569 1440 1615 G.

22 1647 83 1696 H.
109 1651 185 1696 55.
242 1648 325 1695 III.
353 1666 434 1712 293
491 1667 586 1714 quo
634 1649 802 1696 ultimo
854 1650 961 1697 loco
1009 1662 1186 1714 septem
1236 1648 1442 1698 Ablativi

23 1729 151 1775 iuxta
189 1728 326 1792 positi
365 1729 602 1792 leguntur.

394 2007 726 2066 turum·
777 2007 1060 2070 xuu

469 2121 558 2155 Veu.
577 2121 622 2156 II.
639 2119 696 2164 64,
722 2119 809 2166 p.86
833 2120 1002 2155 ed 0re11.

132 2218 256 2268 „Sed
290 2219 442 2260 tribum·
474 2222 669 2273 sanquine
699 2223 929 2267 commissa,
953 2220 1201 2272 proscriptio
1236 2217 1440 2259 Ciceronis

21 2286 91 2325 vel
109 2288 264 2326 catiaco
292 2286 470 2327 Antonio
496 2302 629 2341 poena
649 2289 810 2339 finita-‘⁶'
848 2294 912 2326 Ed.
941 2304 991 2337 pr.
1022 2304 1054 2336 p.
1079 2292 1140 2327 39.
1198 2291 1328 2326 Melin·
1361 2292 1438 2325 cod.

22 2358 167 2393 Amcrb.
202 2369 361 2408 „paene
386 2358 548 2408 finita.“

23 2489 137 2561 Pro
174 2516 256 2562 illo
294 2518 378 2562 vel
403 2515 531 2580 quod
569 2534 663 2562 una
699 2514 805 2562 eum
836 2515 970 2574 falsa,
1011 2532 1152 2579 quam
1186 2512 1433 2560 Rhenanus

20 2593 204 2655 posuit,
259 2593 556 2641 distinctione
625 2594 812 2641 retineri
870 2594 1053 2656 nequit,
1126 2592 1289 2640 Claud.
1346 2591 1432 2636 Pu·

22 2683 182 2718 teanns
222 2673 398 2735 primus
440 2675 574 2720 velut
606 2673 836 2736 scripsisse
881 2672 1086 2719 traditur.
1156 2671 1290 2725 Quae
1321 2687 1430 2716 cou-
