1715 3117
1476 210 1504 254 7

84 333 208 399 ipsae
237 331 506 379 inimicitiae
538 344 891 390 exercerentur,
923 332 1078 377 minor
1111 346 1316 421 sequuta·
1343 346 1502 380 aucto-

85 412 204 460 ritas.
302 411 490 458 Etenim
556 412 734 458 factum
795 409 919 458 illud
969 410 1136 474 privati
1201 430 1343 477 mngu
1391 412 1502 472 odii,

86 509 227 557 quam
255 491 474 556 publicae
510 490 742 539 vindictae
779 507 876 537 esse
915 489 1168 537 videbatur.

217 570 290 618 De
323 587 438 619 voce
485 571 633 631 actio,
680 588 736 618 eo
779 588 875 636 quo
917 569 1056 617 velim
1100 587 1239 617 sensu
1272 585 1504 636 usurpata,

85 650 204 705 haec
245 650 397 697 habeo
441 669 559 716 quae
611 654 802 698 afferam
854 650 1094 715 exempla:
1165 686 1194 710 „
1208 650 1369 716 Itaque
1421 668 1506 698 nec

87 745 246 796 aperta
282 731 401 778 actio
434 748 591 777 remim
638 731 826 777 illarum
865 730 1120 794 petulantia
1159 733 1332 777 vacat„“
1411 730 1506 779 Cic.

89 809 183 858 Off.
206 810 239 857 I.
261 813 338 858 55.
367 838 430 847 ·—
480 847 507 872 „
523 809 740 875 Negatis,
771 810 1002 856 actionem
1028 809 1165 856 ullius
1200 811 1266 856 rei
1294 826 1429 875 posse
1460 811 1508 857 in

88 908 146 939 eo
179 895 320 938 esse.“
391 889 484 938 Cic.
506 890 655 938 Acad.
687 909 727 951 2,
756 893 831 937 55.
860 893 962 938 108.
1004 917 1063 926 —

219 969 368 1017 Vides
395 985 563 1031 autem,
595 989 696 1018 mea
728 988 779 1017 ex
809 969 1035 1017 sententia
1065 969 1361 1032 participium
1388 967 1512 1016 illud

90 1052 320 1114 quaesita
348 1068 444 1098 non
483 1051 638 1110 verbi,
682 1049 814 1115 quod
849 1048 1154 1113 grammaticis
1184 1047 1383 1108 dicitur,
1429 1047 1512 1095 sed

89 1129 305 1178 adiectivi
328 1131 472 1177 instar
497 1130 766 1194 appositum
799 1147 896 1176 esse
921 1128 1103 1175 nomini
1126 1129 1424 1176 substantivo.
1450 1152 1512 1165 -—-

222 1211 296 1258 De
337 1210 489 1258 verbis
510 1211 747 1272 publicae
782 1211 1034 1269 vindictae
1072 1209 1334 1272 paullulum
1373 1226 1398 1252 a
1439 1223 1512 1254 me

91 1280 277 1339 mutatis
304 1290 380 1337 vix
413 1305 480 1337 est
511 1289 643 1355 quod
674 1289 840 1336 dicam.
916 1287 1156 1336 Nimirum
1191 1288 1379 1353 publica
1415 1287 1514 1336 vin-

92 1371 216 1418 dicta
244 1413 251 1421 .,
261 1370 444 1434 privato
485 1369 597 1416 odio
642 1369 879 1433 opposita,
926 1370 1126 1415 verbum
1159 1381 1344 1428 autem,
1383 1366 1516 1433 quod

93 1464 260 1510 exstat,
323 1453 447 1496 data
504 1468 654 1515 quum
703 1449 894 1513 proprie
944 1447 1004 1494 ad
1065 1449 1293 1495 ultionem
1337 1461 1515 1494 tautum

93 1532 259 1580 referri
279 1531 437 1595 possit,
473 1547 555 1594 per
572 1531 778 1594 figuram
808 1516 1171 1590 συνεζευγμένον
1202 1527 1412 1575 additum
1434 1539 1515 1573 est.

221 1610 441 1675 Denique
486 1609 763 1657 Ruhnkenii
805 1600 1125 1656 ¹coniecturam
1172 1607 1419 1667 ‚,relatio“
1452 1631 1514 1642 —-·

96 1706 156 1737 ne
178 1689 333 1738 dicam
357 1689 416 1737 de
447 1691 544 1737 aliis
570 1690 770 1736 aliorum
803 1687 1078 1735 criticorum
1101 1687 1430 1735 tentaminibus
1452 1714 1515 1723 --

95 1770 307 1818 facilitate
345 1784 537 1835 superat
571 1783 744 1816 nostra.

486 2003 488 2007 ·
528 1974 854 2035 aarum·
898 1973 1082 2034 1111.

657 2070 745 2104 ven.
766 2069 815 2114 Π,
843 2067 900 2102 11.
923 2067 957 2103 2.

211 2205 240 2225 „
249 2175 417 2216 Metelli
447 2183 582 2216 tamen
623 2182 668 2215 et
705 2174 927 2228 anplms
961 2176 1044 2226 fuit
1080 2173 1346 2220 clamemus,
1378 2178 1420 2213 αἱ
1444 2184 1520 2212 me·

101 2246 250 2296 rim,-
292 2247 514 2300 virtutique
550 2257 769 2298 coquomen
811 2242 1020 2283 Nvmdicn'
1061 2241 1304 2282 &dictumst
1354 2245 1431 2280 311.
1468 2254 1520 2289 1*-

105 2329 193 2364 με.
222 2318 281 2356 ¹6.

104 2455 544 2547 Haudxdisplicuit
577 2479 862 2528 Ruhnkeuio
896 2478 1080 2526 Ortvini
1112 2490 1158 2523 et
1189 2476 1380 2522 Gruter-i
1413 2492 1524 2522 con-

106 2560 303 2608 iectura:
340 2575 420 2622 „et
458 2561 678 2607 meritum
712 2560 882 2628 virtute
916 2557 959 2604 ei
994 2572 1259 2620 cognomen
1284 2548 1523 2601 Numidici

107 2637 356 2688 inditum.“
428 2637 525 2686 Sed
553 2638 836 2702 elegantius,
876 2636 1069 2702 opinor,
1116 2634 1386 2699 scriptuque
1416 2633 1524 2680 faci-

107 2715 199 2765 lius
227 2718 369 2766 foret:
