1715 3117
1374 223 1465 267 133

571 339 677 404 Pag.
703 348 769 391 17.
807 359 847 389 v.
869 349 936 392 14.

175 421 237 482 II,
268 426 338 470 15.
366 427 408 470 5.
435 432 559 485 post
589 432 690 470 tres
719 433 768 470 et
802 425 925 490 vig.]
988 425 1041 472 In
1079 428 1198 474 libro
1229 444 1349 487 meo,
1383 432 1460 494 qui

45 499 314 548 inscribitur
348 501 471 549 Fasti
509 503 792 563 consulares,
827 504 994 568 pag-ina
1018 506 1102 563 84,
1132 505 1459 554 humanissime

44 579 100 626 ab
133 578 318 627 Orellio
354 583 519 641 citata,
561 600 647 646 per
678 600 888 630 errorem
922 585 1162 631 Aesulmn
1193 597 1238 631 et
1270 591 1462 634 Alsium

41 661 178 724 posui
219 680 367 725 quum
408 662 611 709 scribere
659 662 881 710 deberem
928 667 980 710 in
1014 667 1290 726 Bagiennis
1333 671 1463 731 Epo-

43 741 253 788 redium.

569 820 679 884 Pag.
706 830 774 873 20.
813 840 854 869 v.
877 830 942 872 17.

173 900 212 961 I,
238 903 308 948 18.
345 919 382 949 1.
427 912 476 949 et
504 907 578 950 ad
608 905 834 969 urbium]
886 905 1013 953 Fon-t.
1046 907 1133 970 le‘g.
1162 908 1469 968 singularum

44 981 254 1027 urbium.

589 1062 700 1127 Pag.
719 1072 786 1114 21.
818 1082 859 1111 v.
884 1071 925 1113 ¹7.

177 1144 215 1200 I,
249 1145 318 1190 18.
344 1146 386 1190 5.
425 1153 473 1190 et
508 1148 721 1193 initalia.
797 1147 906 1208 Leg.
944 1157 998 1194 ut
1033 1151 1217 1195 multae
1251 1151 1395 1195 aliae.

570 1267 676 1332 Pag.
704 1277 769 1318 22.
812 1286 854 1315 v.
884 1276 950 1318 16.

176 1346 239 1408 II,
269 1365 305 1393 1.
331 1352 373 1395 4.
445 1349 568 1397 Mihi
608 1350 802 1416 quidem
838 1369 947 1399 cum
973 1351 1108 1399 Innio
1138 1368 1231 1399 non
1260 1352 1471 1418 displicet

46 1426 260 1488 volgata,
301 1443 452 1490 neque
483 1446 603 1491 opus
633 1442 724 1488 est,
761 1430 961 1491 opinor,
998 1430 1251 1478 inserendo
1290 1451 1330 1480 v.
1358 1451 1469 1494 pes-

47 1509 241 1554 simum.
313 1506 424 1554 VV.
462 1509 635 1573 mqgni
667 1510 883 1554 nominis
914 1511 1078 1555 virum
1110 1511 1370 1575 parenthesi
1402 1514 1470 1559 iu-

45 1585 283 1634 cludenda
317 1586 449 1650 quasi
479 1588 796 1634 exclamantur
829 1605 854 1633 a
888 1589 1115 1652 scriptore
1151 1592 1309 1655 magui
1332 1592 1470 1639 Pom-

45 1683 141 1730 peu
174 1683 385 1713 memon.

620 1760 671 1807 P.
695 1769 764 1811 23.
799 1779 839 1810 v.
861 1770 900 1812 3.

177 1844 240 1905 II,
281 1863 317 1892 1.
349 1848 396 1892 4.·
456 1846 639 1906 quippe
681 1862 780 1891 non
823 1849 1112 1892 recusando.
1193 1845 1472 1910 Legendum

47 1925 346 1974 conficimus:
422 1925 521 1982 Qui
565 1927 814 1986 populum
867 1944 964 1971 non
1017 1929 1313 1974 excusando
1353 1944 1472 1988 per-

49 2005 215 2059 duxit,
253 2005 376 2063 huc,
419 2002 447 2048 i.
472 2019 508 2049 e.
545 2003 626 2067 qui
660 2020 759 2050 sese
792 2022 887 2051 non
934 2003 1198 2051 excusando
1240 2006 1471 2069 populum

49 2083 107 2130 R.
144 2100 199 2129 eo
232 2082 481 2147 perduxit,
527 2097 579 2129 ut
607 2112 673 2121 ·——
709 2086 806 2146 (pp
846 2097 899 2121 Ξ
937 2086 1186 2149 populus.)
1256 2084 1473 2131 Ceterum

50 2161 109 2210 de
147 2163 234 2210 isto
264 2164 384 2222 huc,
421 2162 582 2208 multis
611 2176 845 2227 suspecto,
887 2163 1255 2228 comparandum
1284 2167 1475 2211 sortasse

49 2255 118 2290 est
152 2241 315 2306 capitis
338 2243 400 2305 96
429 2242 638 2288 initium:
679 2244 731 2288 in
764 2244 857 2288 lzoc
882 2246 1208 2304 perduxerat.

584 2363 689 2428 Pag.
710 2371 778 2415 24.
821 2383 863 2412 v.
885 2373 952 2415 16.

184 2477 249 2536 II,
265 2480 306 2525 5.
331 2493 371 2524 2.
409 2485 612 2523 senatu-s
633 2438 1067 2542 atque—“equestria
1108 2475 1293 2522 Codicis
1313 2476 1477 2522 Amer-

52 2557 272 2605 bachiani
313 2573 402 2622 ope
450 2556 495 2602 h.
531 2557 562 2602 l.
614 2555 789 2603 velleii
828 2557 961 2603 nohis
1007 2572 1198 2601 manum
1251 2554 1476 2617 assequuti

54 2636 285 2684 videmur.
332 2635 612 2701 Leg'endum
636 2648 726 2682 est:
756 2645 907 2698 atque
918 2637 1069 2681 etiam
1090 2636 1329 2696 equestris
1351 2634 1479 2677 ordi-

59 2717 140 2763 m‘e
167 2731 300 2778 pare
332 2717 522 2762 melior.
602 2713 843 2762 Concede:
879 2715 1004 2762 enim
1049 2714 1218 2762 mirum
1258 2710 1481 2773 quodam·
