1715 3117
1426 201 1486 246 37

74 324 259 376 accepta
301 313 491 360 formari
545 315 751 379 potuerit
804 319 1066 364 consulum.
1165 319 1291 376 Quin
1348 322 1485 370 etiam

73 409 116 438 v.
146 394 340 439 consilii
372 411 406 441 s.
441 396 639 441 consili-s·
671 412 759 459 pro
790 413 831 443 v.
869 399 1080 442 consulis
1110 400 1351 462 reperitur.

205 493 504 560 Quamquam
543 513 594 543 ea
639 513 709 543 res
754 511 798 544 et
837 515 919 562 per
961 516 1008 545 se
1050 499 1124 545 vix
1160 501 1302 546 ullam
1333 502 1481 565 gignit

72 572 409 622 difficultatem.
495 576 560 622 At
605 574 662 622 de
698 577 933 624 locutione
977 582 1157 624 virtute
1200 589 1245 623 et
1284 585 1479 627 consilio

71 654 160 704 nisi
180 655 383 703 frontem
407 655 681 704 contrahant
706 674 918 703 censores
939 656 1055 704 haec
1083 661 1225 704 affero
1250 662 1481 723 exempla:

44 756 45 767 ¹
69 734 187 783 Hor.
212 735 296 800 Ep.
322 735 358 793 I,
386 752 454 782 12.
481 738 549 782 15.
591 734 716 781 Caes.
742 736 786 783 b.
815 755 856 799 g.
892 738 934 796 5,
962 739 1001 782 5.
1048 735 1146 783 Liv.
1172 741 1215 797 4,
1242 740 1308 784 15.
1332 740 1411 786 fin.

181 837 287 884 Jam
315 854 436 903 pene
456 854 849 901 supervacaneum
874 836 1023 884 videri
1047 838 1191 900 possit
1215 852 1370 885 notare
1392 857 1483 903 qua

0 936 2 938 '
69 917 246 964 ratione
293 918 496 983 syllabae
533 917 637 963 illae
677 927 725 962 te
763 930 808 962 et
838 925 913 961 tet·
951 917 996 962 in
1035 917 1303 964 exeuntibus
1346 936 1481 965 voca-

66 998 191 1045 bulis
229 1000 412 1043 virtute
451 1010 495 1043 et
526 999 729 1058 pariter
763 1009 1080 1058 comparentes
1120 1011 1364 1059 corruptae
1393 997 1483 1043 sint

66 1080 114 1127 in
148 1078 303 1126 literas
336 1097 371 1125 s.
451 1076 547 1123 Sed
589 1076 713 1122 enim
748 1075 932 1121 sinuosa
970 1075 1127 1120 literae
1159 1074 1297 1121 huius
1333 1077 1481 1122 forma

67 1178 120 1208 ea
165 1172 253 1217 est,
302 1173 419 1222 quae
465 1154 590 1202 haud
636 1155 824 1200 difficile
872 1153 1100 1199 eiusmodi
1135 1154 1480 1200 confusionibus

66 1241 228 1288 locum
258 1238 498 1302 praebeat;
531 1234 804 1299 praesertim
840 1251 989 1296 quum
1012 1251 1051 1279 v.
1078 1233 1251 1297 pariter
1286 1233 1350 1278 sic
1384 1234 1479 1278 fere

66 1319 294 1368 scribatur
327 1318 377 1364 in
421 1313 579 1362 codd.:
616 1315 665 1376 ᾗ,
711 1326 761 1358 ut
794 1313 978 1376 signum
1014 1311 1249 1375 quoddam
1290 1328 1344 1358 eo
1385 1329 1479 1376 quo

66 1416 154 1447 nos
205 1399 382 1444 utimur
427 1392 710 1461 paragraphi
756 1392 888 1454 signo
949 1391 1182 1454 persimile
1238 1391 1395 1437 literae
1448 1410 1477 1455 p

64 1478 501 1543 supet-imponatur3
545 1472 669 1520 unde
709 1469 1054 1536 propemodum
1095 1469 1221 1516 idem
1265 1484 1331 1515 est
1369 1486 1477 1515 cum

65 1571 178 1606 nota
212 1555 343 1605 verbi
373 1571 528 1616 pars:
557 1570 639 1615 ps.
661 1553 833 1598 Victus
867 1562 1020 1595 autem
1057 1565 1144 1612 pro
1182 1551 1362 1593 virtute
1396 1564 1478 1613 po-

0 1656 2 1663 *
63 1639 205 1687 situm
240 1649 330 1696 est,
369 1635 436 1681 uti
471 1634 654 1680 inversa
687 1630 862 1677 ratione
898 1628 1084 1674 videbit
1113 1645 1140 1672 e
1161 1643 1251 1691 pro
1288 1627 1477 1672 videbis

63 1717 161 1783 legi
187 1712 485 1763 ostendemus
523 1712 654 1758 infra.

195 1818 355 1877 Quare
401 1831 550 1879 quum
595 1810 711 1857 mihi
741 1808 899 1856 omnia
933 1821 1026 1854 tam
1061 1819 1271 1852 accurate
1304 1821 1473 1852 conve-

66 1899 165 1947 nire
218 1895 464 1945 videantur
518 1910 625 1938 cum
677 1888 932 1936 rationibus
991 1885 1328 1950 diplomaticis,
1381 1901 1477 1930 non

64 1994 258 2045 possum
328 1975 442 2040 quin
507 1971 719 2027 abdicem
793 1967 957 2014 Orellii
1026 1965 1094 2010 Cl.
1161 1964 1478 2010 coniecturam

68 2061 318 2121 „iunctam
348 2072 454 2117 par
492 2051 789 2100 conmhcmfl
858 2046 1024 2110 Neque
1073 2045 1197 2090 enim
1234 2042 1336 2088 satis
1377 2058 1479 2104 pcr-

69 2138 244 2203 spicio‚
291 2133 530 2197 quomodo
575 2133 791 2176 iunctum
837 2145 936 2188 par
974 2126 1222 2171 consulam
1260 2121 1383 2166 idem
1423 2119 1479 2164 sit

7 2243 10 2249 ·
66 2216 198 2283 quod
243 2216 314 2262 bis
356 2230 455 2259 una
501 2212 743 2268 consules„
824 2207 931 2253 Mea
979 2218 1129 2249 autem
1189 2220 1242 2247 ex
1283 2199 1478 2245 lectione

68 2296 273 2345 Caesaris
304 2295 452 2341 virtus
480 2304 525 2336 et
557 2288 803 2336 consilium
835 2286 1025 2350 optime,
1065 2282 1112 2327 ni
1144 2280 1290 2336 fallor,
1333 2294 1480 2341 oppo-

71 2391 254 2426 nuntur
291 2372 501 2422 subdolis
525 2367 732 2430 Pompeii
763 2365 1004 2428 Crassique
1043 2357 1477 2409 machinationibus.
