1715 3117
186 204 250 250 94

585 458 913 520 cartu·
951 458 1213 522 val.

524 566 693 607 Ve11.11,
730 566 787 602 90.
821 567 850 601 1.
892 579 925 614 p.
954 565 1035 601 108.
1069 569 1120 602 ed.
1151 568 1259 610 Orell.

272 667 302 712 ,“,
312 662 497 717 Sepultis
524 666 642 708 bellis
672 668 856 709 civilibus
879 668 1279 723 coalescentibusque
1303 670 1403 721 reip.
1433 669 1622 711 membris

180 739 222 771 ec
247 746 383 774 coram
408 734 539 776 aliero
563 750 669 790 quae
688 745 772 778 tam
797 738 920 791 lonqa
945 751 1147 779 armorum
1169 739 1298 778 series
1318 737 1620 778 laceraverae.“

180 806 247 840 Ed.
279 818 332 851 pr.
365 819 401 852 p.
423 807 485 845 49.

179 971 337 1058 Nihil
373 995 559 1057 attinet,
610 1012 819 1062 repetere
859 1017 980 1064 quae
1019 999 1080 1046 ad
1113 1000 1247 1047 hunc
1285 1002 1448 1048 locum
1487 1000 1632 1051 resti-,

177 1074 412 1121 tuendum
459 1075 682 1123 tentarint
726 1077 1041 1143 Interprete83
1095 1096 1301 1144 quorum
1351 1078 1433 1144 qui
1475 1079 1619 1126 verba

179 1172 349 1200 coram
419 1157 577 1201 aliero
640 1152 729 1225 Pro
790 1171 1024 1223 corrupto
1082 1159 1362 1222 glossemate
1424 1158 1618 1218 habent,

178 1235 392 1280 omnium
433 1235 706 1299 longissime
738 1231 964 1284 videntur
994 1255 1019 1284 a
1051 1254 1170 1285 vero
1203 1239 1454 1285 aberrasse.
1519 1235 1617 1284 Sed

176 1315 225 1361 in
266 1314 354 1362 hac
410 1315 758 1379 deoperantium
818 1316 1111 1364 Criticorum
1164 1335 1340 1364 corona
1389 1317 1619 1365 Orellium

177 1395 736 1460 quoque‘conspicimus.
805 1397 850 1443 Is
882 1397 1009 1443 enim
1047 1397 1257 1462 Sauppio
1294 1397 1354 1444 V.
1388 1397 1446 1443 D.
1482 1398 1617 1443 obse-

177 1488 350 1538 quutus
397 1475 602 1540 ingenue
640 1476 847 1535 fatetur:>
891 1477 1107 1537 „Melior
1151 1491 1202 1523 ut
1245 1476 1338 1524 loci
1377 1474 1616 1523 medicina

177 1555 438 1619 reperiatur
479 1573 534 1601 ex
568 1554 725 1601 animo
771 1558 932 1619 opto.“
1015 1555 1160 1612 Quod
1202 1556 1409 1604 Helvetii
1452 1555 1612 1602 claris-

176 1633 281 1680 simi
339 1647 557 1698 optatum
622 1634 814 1681 fortasse
878 1635 1057 1698 expleri
1115 1652 1248 1699 posse
1318 1653 1639 1701 magnopere?

182 1714 430 1761 laetamur.

310 1820 483 1887 Neque
529 1821 658 1868 enim
711 1821 1004 1883 dubitamus,
1065 1840 1152 1888 pro
1181 1835 1321 1885 'certa
1369 1821 1463 1869 loci
1512 1839 1616 1870 cor-

179 1902 386 1949 rectione
418 1901 593 1948 habere
622 1901 768 1948 haec:

322 1982 846 2046 „coalescentibusque
892 1984 1016 2045 reip.
1061 1983 1295 2029 membris
1348 2000 1470 2029 cura
1513 2000 1614 2029 me·

320 2064 492 2108 liore“
594 2127 601 2130 ‘

176 2141 310 2198 Quae
349 2141 615 2189 emendatio
650 2141 825 2205 partim
859 2141 1053 2189 Heinsio
1079 2178 1091 2202 ,
1132 2138 1395 2188 coniieienti
1427 2175 1456 2200 ,7
1471 2151 1515 2185 et
1555 2155 1610 2185 eo

176 2238 298 2268 cara
323 2222 501 2269 maiore
518 2225 562 2283 ,“
594 2222 762 2287 partim
792 2221 985 2268 Herelio
1017 2220 1314 2287 proponenti
1347 2219 1611 2281 „iunctura

173 2304 420 2347 meliore“
457 2301 694 2367 originem
726 2300 864 2348 debet
898 2319 1043 2348 suam.

305 2407 494 2455 Deinde
521 2408 807 2456 vocabulum
843 2418 892 2455 et
918 2409 1009 2455 nisi
1042 2407 1173 2455 malis
1208 2423 1397 2453 mecum
1423 2406 1473 2452 in
1502 2405 1610 2451 eius

174 2500 382 2548 mutare,
419 2488 763 2537 substantivum
803 2486 999 2553 aliquod
1045 2502 1373 2551 praegressum
1421 2497 1610 2532 statues.

176 2565 335 2626 Quare
370 2567 565 2615 fortasse
604 2568 780 2617 Velleii
821 2579 889 2614 est
922 2566 1038 2615 hoe:
1088 2584 1170 2628 „c.
1204 2563 1242 2614 r.
1278 2582 1326 2631 p.
1359 2565 1612 2620 medicina

174 2658 220 2692 et
247 2665 360 2694 cura
399 2649 643 2697 meliore.“
728 2647 971 2697 Voculam
1020 2649 1126 2693 eius
1159 2664 1198 2694 c.
1242 2648 1313 2693 m.'
1343 2658 1481 2692 tueor
1522 2643 1609 2690 illo

180 2725 336 2772 statim
356 2727 695 2789 praecedente:
733 2765 763 2790 ‚,
783 2727 885 2774 Nos
915 2742 1150 2773 memores
1177 2723 1480 2789 professionis
1505 2722 1607 2769 uni-
