1715 3117
459 416 788 477 CAPUT
840 417 1011 476 011.

441 525 526 559 Vell.
545 525 594 569 11,
616 523 690 558 ¹30.
727 523 841 570 p.494
869 525 919 559 ed.
941 524 1045 559 Oreli.

142 653 169 670 ,‚
182 623 235 663 Si
271 630 344 664 aut
377 632 528 665 nattam
554 629 738 678 patitur,
771 633 843 665 aue
874 626 1136 664 mediocritas
1164 627 1306 675 recipit
1343 625 1462 664 homi-

31 705 122 731 num
151 705 250 732 auro
276 693 353 733 deo
384 698 516 732 mmf‘
573 697 637 733 Ed.
667 710 718 742 pr.
749 710 781 742 p.
803 699 866 736 68.

677 789 816 802 ΦΣ

28 853 209 935 „Loci
261 878 401 925 huius
457 878 683 926 mendum
754 879 829 926 alii
885 879 1018 925 aliter
1071 881 1234 926 tollere
1306 881 1461 926 conati

31 970 163 1017 sunt,
208 957 291 1004 sed
324 959 491 1006 frustra
536 977 712 1006 omnes,
794 958 894 1005 Nec
945 958 1184 1020 quomodo
1221 958 1460 1004 emendari

30 1036 198 1084 debeat
230 1037 326 1101 ipse
363 1037 566 1085 dicam.“
639 1039 766 1085 Haec
800 1038 1122 1084 Ruhnkcnius.
1193 1039 1308 1085 Mihi
1343 1041 1458 1085 alius

30 1116 275 1164 cuiusdam
325 1118 665 1167 emendationis
713 1118 933 1176 memori,
981 1117 1072 1163 hoc
1113 1136 1303 1182 quoque
1351 1121 1456 1165 loco

28 1195 188 1243 fecisse
224 1195 411 1244 videtur
448 1198 666 1245 librarius
711 1199 838 1263 quod
883 1217 1022 1264 snpra
1068 1208 1214 1264 capite
1243 1201 1303 1246 LI
1346 1202 1453 1249 libri

29 1275 173 1321 nostri
219 1274 593 1323 demonstratum
646 1292 725 1325 est.
809 1277 950 1324 Unde
1001 1277 1304 1325 scribendum
1347 1281 1454 1326 erit:

32 1357 90 1401 Si
122 1364 213 1400 aut
242 1365 428 1402 natura
458 1359 655 1418 patitur
688 1359 941 1403 hominum
967 1367 1055 1403 aut
1083 1361 1287 1403 deorum
1321 1377 1455 1414 cara,

35 1437 96 1480 de
130 1436 211 1480 his
246 1438 397 1497 queri.
476 1434 652 1482 Notum
685 1450 777 1495 est,
813 1436 1085 1499 particulam
1119 1446 1207 1481 aut
1235 1438 1300 1483 sic
1324 1439 1460 1484 scribi

30 1513 79 1559 in
117 1513 276 1560 codd.:
314 1519 434 1563 au'„
477 1513 594 1560 Voc.
636 1531 755 1559 cura
788 1515 942 1561 minus
979 1530 1192 1562 accurate
1230 1517 1454 1579 scriptum

28 1592 167 1639 fuisse
209 1606 430 1658 putamus
464 1591 688 1654 ,ideoque
735 1593 986 1639 confusum
1038 1610 1144 1640 cum
1195 1611 1274 1654 en,
1324 1594 1454 1659 quod

27 1670 248 1734 legimus,
286 1691 407 1718 cum.
480 1671 636 1718 Verba
670 1671 747 1716 illa
791 1671 872 1732 „Si
905 1687 984 1718 aut
1007 1701 1072 1708 —-
1096 1673 1270 1736 queri“
1311 1675 1456 1720 intro-

30 1747 244 1795 ductioni
282 1764 392 1796 sunt
430 1749 828 1814 consequentibus
858 1763 902 1796 et
938 1750 1378 1815 reprehensionibus
1410 1767 1454 1799 et

27 1827 496 1892 interrogationibus3
531 1828 793 1892 diriguntur
834 1843 990 1875 autem
1030 1830 1239 1875 Deorum
1276 1831 1335 1876 ad
1366 1852 1452 1878 nu·-

28 1907 168 1954 mina.

158 1986 212 2033 In
270 1987 573 2052 sequentibus
636 1988 918 2034 vocabulum
987 1997 1090 2033 tam
1149 1988 1198 2033 in
1257 1997 1451 2034 tantam

29 2066 420 2112 commutandum
450 2083 544 2113 esse
573 2084 840 2127 censemus,
873 2082 926 2114 ut
955 2067 1205 2113 scribatur:
1251 2068 1449 2112 Deinde

27 2152 81 2189 ut
103 2146 279 2191 Siliam
321 2148 644 2208 Pisonemque
676 2155 870 2192 tantam
900 2148 1106 2192 alterius
1152 2148 1447 2207 dignitatem

28 2226 307 2285 constituit,
359 2227 500 2271 auxit
534 2226 786 2271 alterius?
883 2226 961 2272 Est
994 2218 1326 2274 τίνακολουθιά
1375 2231 1446 2276 vel

23 2303 181 2366 potius
216 2304 416 2350 inversio
449 2305 767 2352 subiectorum
808 2311 892 2364 (ut
917 2306 1004 2351 iam
1039 2308 1076 2352 A
1087 2307 1229 2370 puleii
1266 2308 1441 2355 Latini·

24 2395 114 2429 tate
176 2383 403 2446 utamur)
470 2384 905 2447 grammaticalium.
1011 2385 1247 2432 Librarius
1319 2389 1442 2434 enim

22 2463 180 2525 primo
226 2476 271 2510 et
313 2464 508 2509 verbum
559 2465 812 2509 constituit
859 2477 904 2509 et
943 2465 1139 2509 verbum
1193 2467 1332 2510 auxit
1383 2465 1441 2511 ad

21 2540 122 2604 ipsa
153 2541 343 2588 nomina
383 2541 637 2604 relaturus,
682 2543 729 2589 in
766 2541 970 2588 mediam
1015 2541 1261 2607 periodum
1307 2561 1439 2590 voca-

21 2620 139 2666 bulo
184 2622 430 2684 dignitate
481 2623 652 2668 inserto
689 2622 904 2668 aliorsum
948 2634 995 2667 ut
1032 2621 1256 2668 trahenda
1296 2635 1440 2667 essent

24 2698 186 2744 effecit.

1063 2773 1087 2808 9
