<?xml version="1.0" encoding="UTF-8"?>
<!DOCTYPE html PUBLIC "-//W3C//DTD XHTML 1.0 Transitional//EN"
    "http://www.w3.org/TR/xhtml1/DTD/xhtml1-transitional.dtd">
<html xmlns="http://www.w3.org/1999/xhtml" xml:lang="en" lang="en">
 <head>
  <title>
</title>
<meta http-equiv="Content-Type" content="text/html;charset=utf-8" />
  <meta name='ocr-system' content='tesseract 3.04.00' />
  <meta name='ocr-capabilities' content='ocr_page ocr_carea ocr_par ocr_line ocrx_word'/>
</head>
<body>
  <div class='ocr_page' id='page_1' title='image "./locivelleianiine00lauruoft_0068.png"; bbox 0 0 1715 3117; ppageno 0'>
   <div class='ocr_carea' id='block_1_1' title="bbox 187 182 252 228">
    <p class='ocr_par' dir='ltr' id='par_1_1' title="bbox 187 182 252 228">
     <span class='ocr_line' id='line_1_1' title="bbox 187 182 252 228; baseline 0 0"><span class='ocrx_word' id='word_1_1' title='bbox 187 182 252 228; x_wconf 77' lang='lat'>40</span> 
     </span>
    </p>
   </div>
   <div class='ocr_carea' id='block_1_2' title="bbox 192 300 1682 1252">
    <p class='ocr_par' dir='ltr' id='par_1_2' title="bbox 192 300 1682 1252">
     <span class='ocr_line' id='line_1_2' title="bbox 194 300 1681 373; baseline -0.005 -19"><span class='ocrx_word' id='word_1_2' title='bbox 194 307 309 373; x_wconf 87' lang='lat' dir='ltr'>quin</span> <span class='ocrx_word' id='word_1_3' title='bbox 357 323 620 372; x_wconf 88' lang='lat' dir='ltr'><strong>numquam</strong></span> <span class='ocrx_word' id='word_1_4' title='bbox 669 324 764 354; x_wconf 89' lang='lat' dir='ltr'>non</span> <span class='ocrx_word' id='word_1_5' title='bbox 818 303 1107 364; x_wconf 81' lang='lat' dir='ltr'>acutissimo,</span> <span class='ocrx_word' id='word_1_6' title='bbox 1155 300 1458 350; x_wconf 86' lang='lat' dir='ltr'>scribendum</span> <span class='ocrx_word' id='word_1_7' title='bbox 1501 318 1619 349; x_wconf 87' lang='lat' dir='ltr'>esse:</span> <span class='ocrx_word' id='word_1_8' title='bbox 1678 336 1681 343; x_wconf 25' lang='grc' dir='ltr'><strong>Δ</strong></span> 
     </span>
     <span class='ocr_line' id='line_1_3' title="bbox 193 382 1620 449; baseline -0.006 -14"><span class='ocrx_word' id='word_1_9' title='bbox 193 405 380 449; x_wconf 81' lang='lat' dir='ltr'><em>magna</em></span> <span class='ocrx_word' id='word_1_10' title='bbox 411 404 525 434; x_wconf 81' lang='lat' dir='ltr'>mox</span> <span class='ocrx_word' id='word_1_11' title='bbox 558 389 699 434; x_wconf 83' lang='lat' dir='ltr'>clade</span> <span class='ocrx_word' id='word_1_12' title='bbox 729 395 904 433; x_wconf 75' lang='lat' dir='ltr'>nostra</span> <span class='ocrx_word' id='word_1_13' title='bbox 934 402 1084 447; x_wconf 74' lang='lat' dir='ltr'>saepe</span> <span class='ocrx_word' id='word_1_14' title='bbox 1117 391 1166 429; x_wconf 81' lang='lat' dir='ltr'>et</span> <span class='ocrx_word' id='word_1_15' title='bbox 1195 382 1545 445; x_wconf 77' lang='lat' dir='ltr'>affectavimus</span> <span class='ocrx_word' id='word_1_16' title='bbox 1572 390 1620 428; x_wconf 79' lang='lat' dir='ltr'>et</span> 
     </span>
     <span class='ocr_line' id='line_1_4' title="bbox 195 461 1682 528; baseline -0.005 -14"><span class='ocrx_word' id='word_1_17' title='bbox 195 469 465 515; x_wconf 74' lang='lat' dir='ltr'>omisimus.</span> <span class='ocrx_word' id='word_1_18' title='bbox 536 467 736 514; x_wconf 86' lang='lat' dir='ltr'>Utinam</span> <span class='ocrx_word' id='word_1_19' title='bbox 767 480 863 513; x_wconf 91' lang='lat' dir='ltr'>tam</span> <span class='ocrx_word' id='word_1_20' title='bbox 898 465 1066 511; x_wconf 84' lang='lat' dir='ltr'>uberes</span> <span class='ocrx_word' id='word_1_21' title='bbox 1109 462 1282 528; x_wconf 87' lang='lat' dir='ltr'>ubique</span> <span class='ocrx_word' id='word_1_22' title='bbox 1313 464 1517 509; x_wconf 86' lang='lat' dir='ltr'>fluerent</span> <span class='ocrx_word' id='word_1_23' title='bbox 1548 461 1621 508; x_wconf 89' lang='lat' dir='ltr'>hi·</span> <span class='ocrx_word' id='word_1_24' title='bbox 1678 482 1682 493; x_wconf 71' lang='lat'><em>›</em></span> 
     </span>
     <span class='ocr_line' id='line_1_5' title="bbox 192 542 1667 608; baseline -0.005 -13"><span class='ocrx_word' id='word_1_25' title='bbox 192 548 357 595; x_wconf 85' lang='lat' dir='ltr'>storiae</span> <span class='ocrx_word' id='word_1_26' title='bbox 398 549 576 608; x_wconf 77' lang='lat' dir='ltr'>fontes,</span> <span class='ocrx_word' id='word_1_27' title='bbox 621 547 730 593; x_wconf 84' lang='lat' dir='ltr'>tales</span> <span class='ocrx_word' id='word_1_28' title='bbox 779 560 832 592; x_wconf 86' lang='lat' dir='ltr'>ut</span> <span class='ocrx_word' id='word_1_29' title='bbox 883 544 1174 592; x_wconf 84' lang='lat' dir='ltr'>coniecturas</span> <span class='ocrx_word' id='word_1_30' title='bbox 1216 560 1385 607; x_wconf 79' lang='lat' dir='ltr'>capere</span> <span class='ocrx_word' id='word_1_31' title='bbox 1430 542 1620 589; x_wconf 86' lang='lat' dir='ltr'>liceret!</span> <span class='ocrx_word' id='word_1_32' title='bbox 1666 575 1667 586; x_wconf 30' lang='lat'>¹</span> 
     </span>
     <span class='ocr_line' id='line_1_6' title="bbox 193 625 1622 692; baseline -0.004 -17"><span class='ocrx_word' id='word_1_33' title='bbox 193 627 302 675; x_wconf 85' lang='lat' dir='ltr'>Mea</span> <span class='ocrx_word' id='word_1_34' title='bbox 348 641 506 674; x_wconf 87' lang='lat' dir='ltr'>autem</span> <span class='ocrx_word' id='word_1_35' title='bbox 556 626 781 692; x_wconf 85' lang='lat' dir='ltr'>opinione</span> <span class='ocrx_word' id='word_1_36' title='bbox 820 625 908 671; x_wconf 89' lang='lat' dir='ltr'>nisi</span> <span class='ocrx_word' id='word_1_37' title='bbox 952 636 1164 685; x_wconf 43' lang='lat' dir='ltr'>statuas,</span> <span class='ocrx_word' id='word_1_38' title='bbox 1211 625 1350 672; x_wconf 80' lang='lat' dir='ltr'>verba</span> <span class='ocrx_word' id='word_1_39' title='bbox 1396 641 1459 670; x_wconf 88' lang='lat' dir='ltr'>m.</span> <span class='ocrx_word' id='word_1_40' title='bbox 1507 640 1622 669; x_wconf 88' lang='lat' dir='ltr'>mox</span> 
     </span>
     <span class='ocr_line' id='line_1_7' title="bbox 194 703 1621 771; baseline -0.005 -16"><span class='ocrx_word' id='word_1_41' title='bbox 194 726 231 756; x_wconf 88' lang='lat' dir='ltr'>c.</span> <span class='ocrx_word' id='word_1_42' title='bbox 262 726 307 754; x_wconf 84' lang='lat' dir='ltr'>n.</span> <span class='ocrx_word' id='word_1_43' title='bbox 348 707 489 755; x_wconf 83' lang='lat' dir='ltr'>cladis</span> <span class='ocrx_word' id='word_1_44' title='bbox 520 707 737 768; x_wconf 73' lang='lat' dir='ltr'>alicuius,</span> <span class='ocrx_word' id='word_1_45' title='bbox 786 719 892 771; x_wconf 84' lang='lat' dir='ltr'>post</span> <span class='ocrx_word' id='word_1_46' title='bbox 921 704 1052 751; x_wconf 85' lang='lat' dir='ltr'>Fabii</span> <span class='ocrx_word' id='word_1_47' title='bbox 1091 703 1439 770; x_wconf 81' lang='lat' dir='ltr'>expeditionem</span> <span class='ocrx_word' id='word_1_48' title='bbox 1477 703 1621 749; x_wconf 84' lang='lat' dir='ltr'>factae</span> 
     </span>
     <span class='ocr_line' id='line_1_8' title="bbox 194 781 1623 845; baseline -0.003 -10"><span class='ocrx_word' id='word_1_49' title='bbox 194 788 407 835; x_wconf 80' lang='lat' dir='ltr'>notitiam</span> <span class='ocrx_word' id='word_1_50' title='bbox 436 788 678 835; x_wconf 85' lang='lat' dir='ltr'>continere</span> <span class='ocrx_word' id='word_1_51' title='bbox 709 787 838 833; x_wconf 85' lang='lat' dir='ltr'>ouius</span> <span class='ocrx_word' id='word_1_52' title='bbox 873 786 1106 832; x_wconf 85' lang='lat' dir='ltr'>interierit</span> <span class='ocrx_word' id='word_1_53' title='bbox 1146 781 1401 845; x_wconf 77' lang='lat' dir='ltr'>memoria,</span> <span class='ocrx_word' id='word_1_54' title='bbox 1450 783 1623 831; x_wconf 83' lang='lat' dir='ltr'>scribes</span> 
     </span>
     <span class='ocr_line' id='line_1_9' title="bbox 192 863 1626 929; baseline -0.004 -14"><span class='ocrx_word' id='word_1_55' title='bbox 192 869 388 916; x_wconf 74' lang='lat' dir='ltr'>fortasse</span> <span class='ocrx_word' id='word_1_56' title='bbox 421 886 632 915; x_wconf 86' lang='lat' dir='ltr'>mecum:</span> <span class='ocrx_word' id='word_1_57' title='bbox 680 884 1043 929; x_wconf 52' lang='lat' dir='ltr'>magnacum</span> <span class='ocrx_word' id='word_1_58' title='bbox 1086 868 1227 913; x_wconf 80' lang='lat' dir='ltr'>clade</span> <span class='ocrx_word' id='word_1_59' title='bbox 1267 875 1454 912; x_wconf 75' lang='lat' dir='ltr'>nostra.</span> <span class='ocrx_word' id='word_1_60' title='bbox 1536 863 1626 910; x_wconf 87' lang='lat' dir='ltr'>Cui</span> 
     </span>
     <span class='ocr_line' id='line_1_10' title="bbox 194 944 1622 1015; baseline -0.004 -21"><span class='ocrx_word' id='word_1_61' title='bbox 194 947 540 1008; x_wconf 78' lang='lat' dir='ltr'>emendationi,</span> <span class='ocrx_word' id='word_1_62' title='bbox 582 947 672 994; x_wconf 89' lang='lat' dir='ltr'>nisi</span> <span class='ocrx_word' id='word_1_63' title='bbox 713 948 833 994; x_wconf 84' lang='lat' dir='ltr'>favet</span> <span class='ocrx_word' id='word_1_64' title='bbox 876 947 1095 1015; x_wconf 75' lang='lat' dir='ltr'>historia,</span> <span class='ocrx_word' id='word_1_65' title='bbox 1133 945 1335 1009; x_wconf 83' lang='lat' dir='ltr'>tempori</span> <span class='ocrx_word' id='word_1_66' title='bbox 1367 944 1485 1007; x_wconf 80' lang='lat' dir='ltr'>hoo,</span> <span class='ocrx_word' id='word_1_67' title='bbox 1526 960 1622 990; x_wconf 92' lang='lat' dir='ltr'>non</span> 
     </span>
     <span class='ocr_line' id='line_1_11' title="bbox 193 1024 1624 1092; baseline -0.001 -19"><span class='ocrx_word' id='word_1_68' title='bbox 193 1026 335 1084; x_wconf 86' lang='lat' dir='ltr'>mihi,</span> <span class='ocrx_word' id='word_1_69' title='bbox 369 1027 478 1075; x_wconf 79' lang='lat' dir='ltr'>vitio</span> <span class='ocrx_word' id='word_1_70' title='bbox 521 1028 720 1076; x_wconf 84' lang='lat' dir='ltr'>vertatis.</span> <span class='ocrx_word' id='word_1_71' title='bbox 793 1027 956 1092; x_wconf 84' lang='lat' dir='ltr'>Itaque</span> <span class='ocrx_word' id='word_1_72' title='bbox 999 1026 1057 1073; x_wconf 90' lang='lat' dir='ltr'>de</span> <span class='ocrx_word' id='word_1_73' title='bbox 1093 1026 1245 1091; x_wconf 82' lang='lat' dir='ltr'>prima</span> <span class='ocrx_word' id='word_1_74' title='bbox 1272 1024 1458 1090; x_wconf 80' lang='lat' dir='ltr'>periodi</span> <span class='ocrx_word' id='word_1_75' title='bbox 1492 1035 1624 1090; x_wconf 88' lang='lat' dir='ltr'>parte</span> 
     </span>
     <span class='ocr_line' id='line_1_12' title="bbox 195 1097 1623 1172; baseline -0.001 -18"><span class='ocrx_word' id='word_1_76' title='bbox 195 1126 304 1155; x_wconf 85' lang='lat' dir='ltr'>cum</span> <span class='ocrx_word' id='word_1_77' title='bbox 339 1107 539 1168; x_wconf 82' lang='lat' dir='ltr'>Orellio‚</span> <span class='ocrx_word' id='word_1_78' title='bbox 573 1097 757 1172; x_wconf 80' lang='lat' dir='ltr'>egregie</span> <span class='ocrx_word' id='word_1_79' title='bbox 789 1127 918 1154; x_wconf 87' lang='lat' dir='ltr'>nunc</span> <span class='ocrx_word' id='word_1_80' title='bbox 950 1121 995 1153; x_wconf 86' lang='lat' dir='ltr'>et</span> <span class='ocrx_word' id='word_1_81' title='bbox 1034 1106 1091 1153; x_wconf 89' lang='lat' dir='ltr'>de</span> <span class='ocrx_word' id='word_1_82' title='bbox 1116 1106 1303 1153; x_wconf 89' lang='lat' dir='ltr'>Velleio</span> <span class='ocrx_word' id='word_1_83' title='bbox 1334 1106 1517 1167; x_wconf 80' lang='lat' dir='ltr'>merito,</span> <span class='ocrx_word' id='word_1_84' title='bbox 1557 1124 1623 1152; x_wconf 55' lang='lat' dir='ltr'>as*-</span> 
     </span>
     <span class='ocr_line' id='line_1_13' title="bbox 193 1186 1368 1252; baseline -0.002 -18"><span class='ocrx_word' id='word_1_85' title='bbox 193 1188 444 1235; x_wconf 77' lang='lat' dir='ltr'>sentientes</span> <span class='ocrx_word' id='word_1_86' title='bbox 476 1188 757 1235; x_wconf 85' lang='lat' dir='ltr'>Burmanno</span> <span class='ocrx_word' id='word_1_87' title='bbox 785 1186 1036 1252; x_wconf 79' lang='lat' dir='ltr'>legendum</span> <span class='ocrx_word' id='word_1_88' title='bbox 1072 1187 1368 1234; x_wconf 85' lang='lat' dir='ltr'>coniioimus:</span> 
     </span>
    </p>
   </div>
   <div class='ocr_carea' id='block_1_3' title="bbox 312 1291 1625 1593">
    <p class='ocr_par' dir='ltr' id='par_1_3' title="bbox 312 1291 1625 1593">
     <span class='ocr_line' id='line_1_14' title="bbox 333 1291 1625 1353; baseline 0.001 -18"><span class='ocrx_word' id='word_1_89' title='bbox 333 1291 532 1336; x_wconf 70' lang='lat' dir='ltr'>Gallias</span> <span class='ocrx_word' id='word_1_90' title='bbox 556 1293 783 1353; x_wconf 73' lang='lat' dir='ltr'>primam</span> <span class='ocrx_word' id='word_1_91' title='bbox 818 1309 850 1336; x_wconf 81' lang='lat' dir='ltr'><strong><em>a</em></strong></span> <span class='ocrx_word' id='word_1_92' title='bbox 884 1293 1112 1337; x_wconf 75' lang='lat' dir='ltr'>Domitio</span> <span class='ocrx_word' id='word_1_93' title='bbox 1146 1300 1194 1336; x_wconf 78' lang='lat' dir='ltr'>et</span> <span class='ocrx_word' id='word_1_94' title='bbox 1220 1291 1408 1346; x_wconf 79' lang='lat' dir='ltr'>Fabio,</span> <span class='ocrx_word' id='word_1_95' title='bbox 1447 1299 1625 1352; x_wconf 76' lang='lat' dir='ltr'>nepote</span> 
     </span>
     <span class='ocr_line' id='line_1_15' title="bbox 330 1371 1625 1432; baseline 0 -16"><span class='ocrx_word' id='word_1_96' title='bbox 330 1372 510 1426; x_wconf 73' lang='lat' dir='ltr'>Paulli,</span> <span class='ocrx_word' id='word_1_97' title='bbox 551 1372 636 1432; x_wconf 75' lang='lat' dir='ltr'>qui</span> <span class='ocrx_word' id='word_1_98' title='bbox 661 1371 1011 1432; x_wconf 74' lang='lat' dir='ltr'>Allobrogicus</span> <span class='ocrx_word' id='word_1_99' title='bbox 1045 1379 1252 1416; x_wconf 72' lang='lat' dir='ltr'>vocatas</span> <span class='ocrx_word' id='word_1_100' title='bbox 1284 1380 1371 1426; x_wconf 73' lang='lat' dir='ltr'>est,</span> <span class='ocrx_word' id='word_1_101' title='bbox 1406 1373 1625 1416; x_wconf 65' lang='lat' dir='ltr'>intrabas</span> 
     </span>
     <span class='ocr_line' id='line_1_16' title="bbox 312 1453 1620 1512; baseline 0.001 -17"><span class='ocrx_word' id='word_1_102' title='bbox 312 1469 438 1497; x_wconf 76' lang='lat' dir='ltr'>cam</span> <span class='ocrx_word' id='word_1_103' title='bbox 471 1453 689 1496; x_wconf 74' lang='lat' dir='ltr'>exercita</span> <span class='ocrx_word' id='word_1_104' title='bbox 724 1468 911 1512; x_wconf 80' lang='lat' dir='ltr'>magna</span> <span class='ocrx_word' id='word_1_105' title='bbox 945 1468 1054 1496; x_wconf 76' lang='lat' dir='ltr'>cum</span> <span class='ocrx_word' id='word_1_106' title='bbox 1090 1453 1231 1497; x_wconf 75' lang='lat' dir='ltr'>clade</span> <span class='ocrx_word' id='word_1_107' title='bbox 1262 1459 1436 1496; x_wconf 72' lang='lat' dir='ltr'>nostra</span> <span class='ocrx_word' id='word_1_108' title='bbox 1470 1468 1620 1512; x_wconf 80' lang='lat' dir='ltr'>saepe</span> 
     </span>
     <span class='ocr_line' id='line_1_17' title="bbox 328 1531 1148 1593; baseline 0 -17"><span class='ocrx_word' id='word_1_109' title='bbox 328 1541 378 1576; x_wconf 80' lang='lat' dir='ltr'>et</span> <span class='ocrx_word' id='word_1_110' title='bbox 415 1531 765 1593; x_wconf 74' lang='lat' dir='ltr'>affectavimus</span> <span class='ocrx_word' id='word_1_111' title='bbox 795 1540 843 1575; x_wconf 78' lang='lat' dir='ltr'>et</span> <span class='ocrx_word' id='word_1_112' title='bbox 878 1532 1148 1576; x_wconf 73' lang='lat' dir='ltr'>ami-simus.</span> 
     </span>
    </p>
   </div>
   <div class='ocr_carea' id='block_1_4' title="bbox 193 1645 1623 2036">
    <p class='ocr_par' dir='ltr' id='par_1_4' title="bbox 193 1645 1623 2036">
     <span class='ocr_line' id='line_1_18' title="bbox 195 1645 1623 1713; baseline -0.001 -18"><span class='ocrx_word' id='word_1_113' title='bbox 195 1650 368 1713; x_wconf 83' lang='lat' dir='ltr'>Magna</span> <span class='ocrx_word' id='word_1_114' title='bbox 408 1662 561 1695; x_wconf 85' lang='lat' dir='ltr'>autem</span> <span class='ocrx_word' id='word_1_115' title='bbox 596 1665 705 1708; x_wconf 81' lang='lat' dir='ltr'>oum</span> <span class='ocrx_word' id='word_1_116' title='bbox 745 1647 879 1695; x_wconf 88' lang='lat' dir='ltr'>clade</span> <span class='ocrx_word' id='word_1_117' title='bbox 913 1667 949 1695; x_wconf 80' lang='lat' dir='ltr'>s,</span> <span class='ocrx_word' id='word_1_118' title='bbox 982 1648 1138 1695; x_wconf 84' lang='lat' dir='ltr'>multis</span> <span class='ocrx_word' id='word_1_119' title='bbox 1170 1665 1279 1693; x_wconf 86' lang='lat' dir='ltr'>cum</span> <span class='ocrx_word' id='word_1_120' title='bbox 1317 1645 1498 1692; x_wconf 81' lang='lat' dir='ltr'>damnis</span> <span class='ocrx_word' id='word_1_121' title='bbox 1527 1646 1623 1694; x_wconf 89' lang='lat' dir='ltr'>Ro-</span> 
     </span>
     <span class='ocr_line' id='line_1_19' title="bbox 193 1726 1623 1791; baseline -0.003 -14"><span class='ocrx_word' id='word_1_122' title='bbox 193 1730 322 1777; x_wconf 89' lang='lat' dir='ltr'>mani</span> <span class='ocrx_word' id='word_1_123' title='bbox 369 1729 417 1776; x_wconf 90' lang='grc'>11.</span> <span class='ocrx_word' id='word_1_124' title='bbox 459 1730 490 1776; x_wconf 89' lang='lat' dir='ltr'>l.</span> <span class='ocrx_word' id='word_1_125' title='bbox 543 1728 718 1774; x_wconf 83' lang='lat' dir='ltr'>Gallias</span> <span class='ocrx_word' id='word_1_126' title='bbox 767 1728 1048 1776; x_wconf 85' lang='lat' dir='ltr'>affectavisse</span> <span class='ocrx_word' id='word_1_127' title='bbox 1090 1726 1344 1785; x_wconf 74' lang='lat' dir='ltr'>dicuntur,</span> <span class='ocrx_word' id='word_1_128' title='bbox 1397 1726 1623 1791; x_wconf 80' lang='lat' dir='ltr'>quoniam</span> 
     </span>
     <span class='ocr_line' id='line_1_20' title="bbox 194 1805 1619 1872; baseline -0.004 -14"><span class='ocrx_word' id='word_1_129' title='bbox 194 1824 404 1871; x_wconf 79' lang='lat' dir='ltr'>constat,</span> <span class='ocrx_word' id='word_1_130' title='bbox 458 1810 514 1855; x_wconf 88' lang='lat' dir='ltr'>ab</span> <span class='ocrx_word' id='word_1_131' title='bbox 564 1826 689 1855; x_wconf 89' lang='lat' dir='ltr'>anno</span> <span class='ocrx_word' id='word_1_132' title='bbox 735 1807 847 1854; x_wconf 86' lang='lat' dir='ltr'>inde</span> <span class='ocrx_word' id='word_1_133' title='bbox 886 1825 971 1854; x_wconf 84' lang='lat'>121</span> <span class='ocrx_word' id='word_1_134' title='bbox 1023 1825 1170 1872; x_wconf 86' lang='lat' dir='ltr'>usque</span> <span class='ocrx_word' id='word_1_135' title='bbox 1214 1805 1273 1852; x_wconf 85' lang='lat' dir='ltr'>ad</span> <span class='ocrx_word' id='word_1_136' title='bbox 1318 1825 1426 1853; x_wconf 86' lang='lat' dir='ltr'>ann.</span> <span class='ocrx_word' id='word_1_137' title='bbox 1466 1808 1525 1852; x_wconf 88' lang='grc'>58</span> <span class='ocrx_word' id='word_1_138' title='bbox 1574 1827 1619 1872; x_wconf 89' lang='lat' dir='ltr'>p.</span> 
     </span>
     <span class='ocr_line' id='line_1_21' title="bbox 196 1887 1623 1951; baseline -0.002 -14"><span class='ocrx_word' id='word_1_139' title='bbox 196 1890 310 1938; x_wconf 87' lang='lat' dir='ltr'>Chr.</span> <span class='ocrx_word' id='word_1_140' title='bbox 351 1909 395 1937; x_wconf 90' lang='lat' dir='ltr'>n.</span> <span class='ocrx_word' id='word_1_141' title='bbox 441 1890 665 1936; x_wconf 87' lang='lat' dir='ltr'>continua</span> <span class='ocrx_word' id='word_1_142' title='bbox 696 1889 819 1934; x_wconf 88' lang='lat' dir='ltr'>bella</span> <span class='ocrx_word' id='word_1_143' title='bbox 854 1901 978 1951; x_wconf 80' lang='lat' dir='ltr'>gesta</span> <span class='ocrx_word' id='word_1_144' title='bbox 1013 1905 1110 1934; x_wconf 87' lang='lat' dir='ltr'>esse</span> <span class='ocrx_word' id='word_1_145' title='bbox 1143 1905 1252 1934; x_wconf 87' lang='lat' dir='ltr'>cum</span> <span class='ocrx_word' id='word_1_146' title='bbox 1287 1887 1623 1951; x_wconf 85' lang='lat' dir='ltr'>Allobrogibus</span> 
     </span>
     <span class='ocr_line' id='line_1_22' title="bbox 194 1967 1621 2036; baseline -0.004 -16"><span class='ocrx_word' id='word_1_147' title='bbox 194 1971 528 2036; x_wconf 80' lang='lat' dir='ltr'>Helvetiisque.</span> <span class='ocrx_word' id='word_1_148' title='bbox 617 1969 710 2016; x_wconf 75' lang='lat' dir='ltr'>Cfr.</span> <span class='ocrx_word' id='word_1_149' title='bbox 758 1968 1052 2016; x_wconf 83' lang='lat' dir='ltr'>Baumstark.</span> <span class='ocrx_word' id='word_1_150' title='bbox 1102 1988 1147 2032; x_wconf 87' lang='lat' dir='ltr'>p.</span> <span class='ocrx_word' id='word_1_151' title='bbox 1185 1967 1359 2015; x_wconf 92' lang='lat' dir='ltr'><strong>XXIII</strong></span> <span class='ocrx_word' id='word_1_152' title='bbox 1406 1967 1621 2015; x_wconf 83' lang='lat' dir='ltr'>editionis</span> 
     </span>
    </p>
   </div>
   <div class='ocr_carea' id='block_1_5' title="bbox 196 2049 901 2116">
    <p class='ocr_par' dir='ltr' id='par_1_5' title="bbox 196 2049 901 2116">
     <span class='ocr_line' id='line_1_23' title="bbox 196 2049 901 2116; baseline -0.004 -17"><span class='ocrx_word' id='word_1_153' title='bbox 196 2070 339 2116; x_wconf 88' lang='lat' dir='ltr'>quam</span> <span class='ocrx_word' id='word_1_154' title='bbox 377 2052 554 2098; x_wconf 86' lang='lat' dir='ltr'>curavit</span> <span class='ocrx_word' id='word_1_155' title='bbox 589 2049 901 2096; x_wconf 82' lang='lat' dir='ltr'>Caesarianae.</span> 
     </span>
    </p>
   </div>
   <div class='ocr_carea' id='block_1_6' title="bbox 1690 117 1715 1282">
    <p class='ocr_par' dir='ltr' id='par_1_6' title="bbox 1690 117 1715 1282">
     <span class='ocr_line' id='line_1_24' title="bbox 1690 117 1715 1282; baseline 0 0"><span class='ocrx_word' id='word_1_156' title='bbox 1690 117 1715 1282; x_wconf 95' lang='lat' dir='ltr'> </span> 
     </span>
    </p>
   </div>
  </div>
 </body>
</html>
