1715 3117
1418 200 1471 243 81

438 378 818 466 (earu-1·
860 407 1072 468 un.

446 513 596 569 Ve11311,
616 513 680 553 74,
708 514 742 548 2.
775 527 810 561 p.
830 513 876 548 94
912 516 964 550 ed.
995 516 1101 551 oren.

174 611 343 660 „Modo
371 614 483 666 apud
508 622 724 655 veteranos
747 618 979 656 criminatus
1008 614 1220 656 Caesarem
1232 648 1244 666 ,
1272 622 1387 659 modo
1411 636 1481 662 eo:

66 681 137 732 qui
165 683 269 720 iuste
286 682 481 722 divisione
499 684 761 735 praediorum
780 707 829 713 —
853 697 975 736 (ιφ-οε
997 686 1229 734 amas-erant,
1261 689 1317 726 ml
1338 695 1479 729 arma“

67 752 134 788 Ed.
159 765 212 798 pr.
238 765 271 798 p.
293 744 375 791 43.ι

722 850 840 864 =

67 912 190 982 Aut
224 935 588 1001 relinquendum
618 937 745 1000 quod
783 938 864 985 Ed.
904 959 974 1003 pr.
1009 940 1194 988 exhibet
1227 944 1376 1001 iuste,
1407 958 1484 991 aut

0 1082 1 1087 Ἰ
68 1014 376 1062 scribendum
417 1016 515 1087 erit·
555 1015 681 1062 aliud
725 1034 864 1081 quam
915 1017 1044 1081 quod
1086 1019 1315 1066 Krausius
1360 1024 1482 1070 vult:

65 1095 225 1156 iusta3
271 1113 419 1159 quum
459 1107 640 1142 tantum
685 1098 721 1142 si
759 1096 874 1161 quid
916 1111 1020 1143 ante
1054 1098 1221 1144 iniuste
1257 1101 1482 1163 possedis-

68 1186 169 1220 sent
210 1173 461 1239 Campani,
520 1177 652 1220 iusta
690 1175 716 1220 i.
749 1192 786 1222 e.
838 1193 980 1240 aequa
1028 1178 1220 1241 parique
1267 1174 1507 1241 agrorum*

70 1252 298 1300 divisione
332 1253 507 1316 aliquid
541 1254 751 1300 amissuri
777 1255 917 1300 fuisse
951 1254 1209 1304 videantur.
1283 1257 1377 1303 Sed
1403 1259 1483 1305 ad-

67 1332 290 1380 iectivum
326 1336 458 1378 iusta
507 1332 814 1392 redundaret,
866 1351 1011 1396 quum
1051 1351 1147 1380 non
1193 1338 1324 1381 iusta
1370 1337 1483 1384 divi-

68 1411 227 1472 sione,
263 1411 344 1458 sed
381 1413 479 1476 ipsa
513 1412 710 1458 omnino
741 1412 969 1459 divisione
1004 1431 1136 1477 agros
1168 1433 1276 1462 suos
1311 1418 1481 1463 amisis-

68 1503 170 1536 sent
201 1507 321 1554 quos
358 1489 419 1536 ad
460 1507 586 1536 arma
618 1490 856 1537 conciet-at
892 1492 1140 1538 Antonius.
1218 1494 1381 1556 Neque
1418 1508 1482 1542 est

70 1569 201 1634 quod
257 1569 315 1616 de
340 1570 463 1616 ‘solo
507 1569 742 1633 scriptoris
789 1568 962 1615 iudicio
1012 1570 1139 1631 quod
1185 1575 1473 1620 contineatur

70 1648 299 1697 adiectivo
357 1652 488 1694 iusta
531 1649 814 1712 cogitemus,
871 1666 1018 1712 quum
1076 1650 1193 1696 illud
1235 1652 1271 1697 si
1313 1666 1480 1699 statuas

70 1727 232 1775 eadem
259 1729 396 1793 plane
429 1729 602 1774 ratione
629 1727 898 1773 adverbium
924 1730 1050 1773 iuste
1080 1729 1275 1776 retinere
1306 1732 1480 1779 liceret.

72 1807 391 1864 Quamobrem
427 1806 680 1871 legendum
714 1807 949 1871 suspicor:

198 1891 384 1944 „modo
413 1904 518 1941 eoa,
558 1888 642 1949 qui
669 1889 804 1932 iussa
840 1888 943 1931 eius
974 1887 1214 1931 divisione
1245 1904 1481 1948 agrorum

200 1970 518 2014 amiserantf‘

66 2048 123 2096 In
153 2065 248 2112 quo
282 2047 358 2094 vix
391 2063 555 2094 vereor
589 2063 649 2092 ne
685 2046 949 2092 temeritatis
991 2045 1225 2108 postuler,
1261 2062 1403 2107 quum
1434 2056 1478 2088 et

66 2128 267 2194 syllabae
303 2126 462 2190 quales
501 2144 552 2172 se
585 2126 766 2190 saepius
808 2124 1058 2171 exciderint
1094 2124 1140 2168 in
1179 2123 1280 2169 cod.
1322 2122 1476 2169 Murb.

67 2205 360 2272 (memineris
390 2223 432 2252 v.
449 2224 487 2251 c.
516 2204 639 2251 illius
667 2205 969 2264 desideras),
1010 2217 1055 2249 et
1083 2219 1343 2267 pronomen
1375 2204 1479 2246 eius

67 2286 162 2332 fere
207 2301 290 2349 per
331 2283 666 2347 compendium
708 2284 957 2341 scribatur3
1011 2295 1145 2342 atque
1189 2308 1247 2316 —
1285 2281 1369 2325 uisi
1418 2278 1476 2325 de

68 2363 351 2428 compendio
375 2363 625 2410 vocabulae
649 2364 753 2407 eius
783 2361 861 2408 hic
886 2360 1003 2407 mihi
1032 2359 1220 2406 accedas
1242 2387 1308 2394 —-
1325 2359 1474 2421 aspice

65 2441 148 2488 has
178 2442 331 2489 ‘literas
365 2442 559 2490 vicinas:
602 2442 797 2486 iuseius.
864 2440 936 2485 De
969 2455 1017 2484 re
1047 2453 1200 2484 autem
1231 2439 1312 2483 cir.
1351 2438 1483 2484 Suet.

65 2520 169 2568 Oct.
199 2524 265 2568 15.
