1715 3117
206 190 299 240 114

202 334 298 366 esse
342 331 599 366 monuerat.
685 318 806 367 Dico
851 335 969 383 quae
1007 336 1150 384 supra
1189 319 1432 384 leguntur:
1487 318 1634 366 Nulla
1693 339 1700 381 ἦ,

201 397 429 445 festinatio
472 396 610 446 huius
649 398 738 447 viri
766 398 1051 451 mentionem
1083 397 1349 464 transgredi
1381 397 1546 459 debet3
1588 410 1634 445 et
1695 402 1699 435 2

202 478 259 526 al.
281 477 411 525 loco:
428 507 496 516 --
524 477 802 527 Consulatus
826 479 1050 540 Caesaris,
1084 480 1167 545 qui
1193 479 1415 527 scribenti
1443 497 1633 526 manum

204 556 351 605 iniicit
374 571 419 605 et
443 560 713 622 quamlibet.
731 559 1030 607 festinantem
1055 559 1105 606 in
1133 575 1181 606 se
1205 557 1383 606 morari
1414 558 1553 624 cogit.
1570 587 1637 597 —-

203 636 316 684 Dux
347 651 502 685 autem
527 639 608 702 qui
628 638 675 687 h.
703 639 733 686 l.
768 638 939 687 dicitur
958 638 1114 687 Varus
1147 652 1237 700 est,
1267 657 1365 686 non
1392 637 1636 700 Tiberius3

202 716 254 764 id
281 717 409 781 quod
438 719 574 766 etiam
608 731 706 766 toto
735 719 1020 786 insequentis
1050 719 1326 768 narrationis
1349 733 1515 766 tenore
1541 718 1638 767 veri

203 797 495 845 simillimum
532 798 756 846 redditur.

305 891 521 938 Verbum
540 890 822 955 indulgendi
850 892 1048 938 neutrali
1076 909 1213 939 sensu
1242 892 1450 956 positum
1471 910 1634 958 quam-

203 971 272 1020 vis
305 988 402 1018 non
441 970 642 1019 habeam
683 970 814 1036 quod
850 973 1068 1036 exemplo
1102 973 1262 1038 aliquo
1301 990 1357 1020 ex
1390 972 1496 1036 ipso
1525 973 1638 1021 Vel-

204 1050 296 1098 leio
344 1050 596 1117 desumpto
642 1053 950 1113 confirmem,
1003 1064 1159 1100 tamen
1192 1052 1639 1117 lexicographorum
1706 1092 1707 1117 3

205 1132 475 1179 auctoritate
523 1130 700 1179 nititur.
795 1132 863 1179 De
904 1132 1133 1179 sementia
1183 1147 1341 1180 autem
1389 1149 1638 1196 compares
1707 1145 1708 1162 *

205 1231 322 1276 quae
355 1214 480 1271 infra
513 1212 760 1276 leguntur:
811 1214 975 1274 „Quis
1010 1229 1110 1259 non
1142 1213 1355 1259 miretur
1379 1214 1640 1260 Fortunae

205 1286 569 1356 indulgentiam
586 1295 613 1342 ‚7
622 1298 651 1325 ‘⁴

297 1401 455 1451 Huius
491 1401 999 1450 commentatiunculae
1036 1401 1083 1448 in
1118 1403 1215 1449 fine
1255 1399 1480 1460 ostendo,
1531 1400 1640 1448 satis
1675 1462 1678 1465 v

203 1480 357 1529 facile
384 1495 563 1546 postv.
600 1483 842 1547 epistolae
874 1479 1087 1527 excidere
1115 1481 1322 1546 potuisse
1359 1497 1527 1528 vocem
1565 1482 1639 1526 al-

206 1564 344 1608 latae
375 1549 578 1623 (alla-e),
624 1561 852 1608 nimirum
887 1561 948 1607 ob
985 1561 1228 1608 literarum
1269 1560 1634 1608 similitudinem.

207 1640 534 1701 Quamobrem
575 1642 643 1689 sic
686 1640 816 1688 hunc
860 1641 1021 1687 locum
1063 1640 1446 1688 constituendum
1492 1641 1655 1688 conii-v
1714 1658 1715 1663 ¹

204 1739 379 1769 cimus:

340 1836 374 1859 ,‚
397 1804 616 1849 Tantum
657 1804 794 1865 quod
825 1802 1054 1848 ultimam
1087 1802 1399 1864 imposuerat
1441 1803 1638 1847 Panno-

340 1885 450 1930 nico
517 1885 591 1928 ad
637 1882 922 1928 Delmatico
982 1881 1105 1927 bello
1166 1880 1357 1926 Caesar
1417 1898 1638 1942 manum,

342 1981 452 2011 cum
493 1964 632 2009 intra
672 1963 901 2026 quinque*
931 1961 1261 2007 consummati
1306 1961 1440 2006 tanti
1472 1961 1640 2023 operis

342 2046 449 2091 dies
468 2045 721 2103 funestae·
751 2059 811 2087 ex
854 2042 1132 2087 Germania
1171 2041 1416 2104 epistulae
1450 2042 1641 2086 allatae

341 2124 474 2170 caesi
521 2124 650 2170 Vari
692 2123 1168 2184 trucidatetrumquev
1196 2121 1448 2186 legionum
1488 2122 1641 2167 trium

341 2205 647 2269 totidemque
678 2203 879 2248 alarum
907 2210 957 2246 et
986 2219 1072 2248 sex
1095 2201 1400 2260 cohortium,
1432 2201 1640 2248 velutin

341 2284 435 2329 lzoc
465 2284 599 2329 saltu
640 2285 986 2329 tantummodo
1023 2281 1166 2328 nobis
1202 2283 1489 2343 indulgente
1512 2280 1639 2325 For-

344 2371 488 2422 tuna,
526 2379 561 2407 a
594 2380 672 2408 me
712 2363 827 2408 licet
865 2370 1104 2424 occupato
1145 2362 1285 2408 ducis
1323 2369 1373 2407 et
1407 2376 1560 2409 causa
1590 2367 1639 2404 et

332 2458 556 2504 persona
588 2458 783 2488 moram
812 2444 1009 2505 exigit.“

1672 0 1707 64 ῃ

1686 62 1707 244 {1

1692 243 1710 327 ἐξ

1701 748 1705 774 ῑ

1703 784 1706 808 i

1704 809 1706 842 l

1704 881 1713 997 l
