1715 3117
230 231 293 277 62

227 357 414 422 ignorat
433 356 684 422 quisquam
709 354 890 404 Tiberii
910 374 1018 421 erga
1040 356 1314 421 Augustum
1343 354 1663 407 adulationem

227 452 369 503 atque
391 449 668 485 ostentatam
699 438 933 503 pietatem.
984 436 1188 485 Accedit
1223 434 1354 501 quod
1387 436 1425 485 si
1444 427 1663 502 Aug-usto

227 518 413 582 ingrata
463 534 560 564 esse
611 528 795 582 poterat
843 516 1039 581 originis
1092 533 1203 563 suae
1242 516 1290 562 in
1333 516 1502 581 vulgus
1537 516 1662 565 edita

227 597 419 657 notitia,
464 596 657 644 Tiberio
709 596 876 643 eadem
918 596 1049 645 haud
1098 597 1257 644 minus
1293 613 1430 660 aegre
1469 597 1663 650 ferenda

229 693 338 726 erat.
369 708 436 716 --—
476 677 620 725 Unde
671 676 800 725 haud
846 677 1004 743 inepte
1045 677 1257 725 Velleius
1293 676 1386 722 illis
1419 679 1664 737 „etiamsi

222 760 493 823 praeteriit
524 759 664 820 ipse“
700 757 885 805 veniam
917 758 1051 823 quasi
1084 758 1216 825 petiit
1250 756 1443 803 Tiberii.

341 839 414 885 De
446 837 715 884 Orelliano:
757 840 1000 899 „etiamsi
1025 838 1415 900 praevertenti4‘
1436 836 1565 901 quod
1591 837 1662 885 in-

225 932 524 984 terpretatur,
561 916 653 978 „ad
688 917 778 964 alia
813 918 1093 979 festinanti‚“
1124 918 1357 965 iudicium
1382 918 1538 965 ferant
1558 918 1663 966 Viri

226 1017 301 1047 me
329 998 497 1045 Latine
529 997 778 1044 doctiores.
848 997 1085 1062 Equidem
1122 997 1358 1062 (quamvis
1398 998 1515 1045 certi
1546 998 1660 1064 quid

226 1079 379 1127 dicere
404 1078 479 1126 vix
499 1077 667 1134 ausim)
697 1093 875 1137 vereor,
909 1077 1161 1125 festinandi
1181 1079 1311 1127 notio
1340 1097 1401 1127 ne
1432 1097 1531 1127 non
1552 1078 1659 1127 insit

224 1160 275 1208 in
310 1160 457 1208 verbo
486 1165 834 1221 praevertere.
1186 1157 1191 1162 ’

632 1404 992 1465 CAPUT.
1020 1406 1260 1469 8211.

662 1518 752 1553 Vell.
769 1517 817 1561 II,
840 1514 898 1552 60.
922 1527 958 1562 p.
971 1512 1019 1549 82
1038 1515 1090 1550 ed.
1110 1516 1218 1550 Orell.

294 1659 298 1664 ,
332 1619 560 1670 „Actorum
584 1618 762 1658 eiusdem
787 1617 952 1667 inser*
970 1617 1092 1669 falsis
1116 1615 1428 1671 civitatibusque
1457 1617 1659 1670 corruptis

224 1690 567 1731 commentariisf‘
622 1691 688 1726 Ed.
719 1702 771 1735 pr.
796 1690 860 1727 38.
1197 1690 1199 1695 ’

227 1847 410 1917 Liceat
458 1867 597 1928 mihi,
651 1878 906 1932 praeeunte
953 1865 1243 1912 Ruhnkenio
1293 1865 1479 1912 silentio
1522 1882 1657 1929 prae·

225 1950 363 1996 terire
408 1965 527 2011 quac
572 1946 652 1993 alii
695 1945 755 1992 ad
796 1945 927 1992 huuc
972 1944 1148 1992 Velleii
1186 1944 1345 1990 locuni
1391 1944 1656 1992 sanandum

225 2029 477 2078 attulerint.
551 2027 699 2091 Legat
730 2026 812 2073 illa
856 2024 987 2091 apud
1025 2042 1104 2072 eos
1143 2025 1223 2088 qui
1267 2025 1417 2086 volet,
1458 2043 1516 2072 ne
1550 2025 1655 2090 ipso
1710 2017 1712 2033 ⁵

226 2109 420 2176 quidem
459 2106 749 2154 Ruhnkenio
789 2119 997 2170 excepto.
1084 2105 1217 2153 Haec
1257 2106 1383 2151 enim
1422 2119 1529 2153 sunt
1563 2108 1655 2153 fata
1708 2105 1711 2154 J

223 2190 500 2245 hominum,
562 2188 678 2234 alter
727 2187 917 2233 alterius
970 2185 1182 2233 humeris
1220 2185 1416 2246 insistit,
1472 2199 1520 2232 et
1576 2185 1656 2249 qui

223 2270 367 2318 hodie
409 2270 611 2316 alterum
664 2266 820 2331 perdit
858 2285 959 2314 cras
1000 2266 1099 2332 ipse
1139 2266 1320 2313 iacebit.
1394 2265 1497 2313 Nisi
1535 2267 1654 2314 forte
1706 2281 1708 2295 *

223 2350 401 2416 pudori
442 2366 538 2395 esse
580 2347 746 2395 debeat
782 2348 889 2394 talia
936 2348 986 2393 in
1021 2364 1258 2393 summum
1301 2346 1455 2394 virum
1496 2345 1591 2394 dici
1627 2365 1654 2394 a
1706 2346 1707 2349 ¹

225 2448 324 2491 mc,
359 2428 556 2476 vixdum
587 2428 835 2476 Musarum
872 2427 1110 2491 templum
1144 2426 1373 2490 ingresso.
1444 2485 1447 2487 μ

352 2508 448 2556 Sed
491 2509 733 2556 veniamus
786 2507 845 2554 ad
900 2506 949 2554 id
1004 2505 1131 2570 quod
1177 2506 1343 2571 agitur.
1421 2506 1489 2553 Ita
1531 2505 1652 2553 haec
1703 2527 1704 2530 ¹

182 2614 183 2620 ¹
224 2590 318 2655 legi
349 2588 523 2635 malim:

367 2668 656 2731 „Actorum
690 2669 913 2714 eiusdem
950 2667 1151 2713 insertis
1171 2663 1323 2728 falsis
1352 2665 1654 2724 pravitati·

366 2750 551 2810 busque
587 2749 836 2808 corruptis
866 2747 1282 2794 commentariis.“
